2038 3036
64 676 91 696 10

65 933 91 951 15

63 1189 91 1209 20

63 1445 91 1464 25

62 1702 90 1722 30

62 1959 91 1978 35

61 2215 90 2234 40

540 112 652 138 LIBER
672 113 719 138 DE
740 113 971 140 VIRTVTIBVS
991 114 1124 141 sANOTI
1144 116 1297 142 HILARII.
1707 121 1724 148 9

113 204 273 235 lavacrum
297 204 436 235 Pictavis
464 204 530 235 illis
561 205 712 245 purificus
735 207 878 238 Iordanis
908 208 1054 240 inventus
1078 212 1126 240 est
1149 213 1179 241 et
1202 220 1263 241 non
1286 210 1349 251 ipsi
1371 210 1412 241 ad
1435 210 1563 241 fluvium
1589 211 1643 242 scd
1668 211 1727 242 flu-

113 256 182 286 vius
205 255 246 286 ad
269 255 355 295 ipsos
378 255 430 286 hic
453 256 598 286 occurrit.
639 256 728 293 Quae
753 261 815 288 tam
841 259 1068 298 praedicabilis
1094 261 1195 300 patuit
1217 261 1377 293 miseratio
1401 262 1597 300 confessoris,
1626 263 1678 302 qui
1697 267 1727 293 et

112 306 252 337 laborem
269 306 434 347 longinqui
449 306 573 337 itineris
590 307 721 338 abstulit
738 312 769 339 et
785 309 897 340 salutis
914 314 986 341 vota
1002 312 1150 351 porrexit.
1204 313 1262 352 (13)
1291 313 1316 343 Ο
1336 323 1429 352 (11111111
1447 314 1725 345 inaestimabiliinn

114 357 293 388 claruerunt
316 357 506 388 documenta
529 357 687 395 virtutum,
716 359 769 389 ubi
794 361 954 400 sepulchri
979 362 1153 393 munditiae
1177 364 1409 395 mundaverunt
1432 365 1573 395 maculas
1598 365 1723 404 leprae!

113 408 210 439 Cuius
234 408 292 439 1100
315 408 422 439 faeere
446 418 521 439 cura
544 409 698 449 potuisset
720 410 858 449 artitieis,
886 412 939 451 qui
964 412 1002 443 de
1026 413 1082 443 tali
1103 414 1232 454 pulvere
1250 414 1344 446 ferret
1360 416 1513 446 beneticia
1528 415 1728 446 medicinae?

117 460 175 499 (14)
203 460 251 490 Ex
274 459 390 499 quibus
407 459 568 491 Castorius
592 459 743 491 diaconus
768 465 799 492 et
815 462 938 502 Crispio
963 464 1175 495 subdiaconus
1199 465 1360 497 institutus
1383 467 1424 497 ad
1449 467 1517 497 01110
1541 467 1725 506 obsequium

111 520 210 550 usque
241 510 273 541 in
303 510 397 542 finem
429 520 520 542 suum
549 521 606 551 per
635 521 728 550 quem
761 513 864 543 sanati
894 517 966 544 sunt
996 514 1224 546 adhaeserunt:
1261 520 1291 547 et
1320 518 1429 548 merito
1453 518 1540 548 illius
1564 518 1728 557 elegerunt

111 561 268 593 sustinere
290 561 366 601 iuga
389 561 517 601 domiui,
544 572 564 592 a
587 572 647 601 quo
671 573 772 603 poena
796 563 888 595 liberi
912 569 984 595 sunt
1008 566 1123 597 effecti.

200 613 260 653 (15)
289 612 455 650 Quaedam
485 613 595 654 puella
623 613 655 644 in
687 613 768 645 1111110
799 614 895 646 vitam
927 616 1058 647 veniens
1089 617 1230 648 dextram
1261 622 1413 649 mortuam
1446 622 1585 650 traxerat
1615 622 1727 650 natura

111 664 266 696 formante
290 668 321 695 et
344 664 481 696 debilem
505 675 632 695 manum
657 665 689 695 in
713 665 819 706 specie
844 667 940 706 glomi
965 668 1152 708 colligerant
1175 679 1340 700 nervorum
1365 670 1418 700 tila
1441 674 1613 701 eaejntracta:
1642 671 1728 701 fluxa

112 726 168 747 0110
194 716 328 747 stamine
353 715 523 755 digitorum
548 716 612 747 tela
635 717 809 747 marcebat.
850 718 939 748 Tune
963 728 1129 750 00011110110
1152 719 1194 750 ad
1217 720 1390 750 beatissimi
1415 722 1607 761 sepulturam
1632 721 1727 753 inter—

112 767 254 798 cessione
280 767 348 798 eius
371 767 535 798 vivacibus
560 770 608 798 est
631 767 744 798 officiis
770 768 931 799 ordinata:
960 770 1112 809 paulatim
1138 770 1262 800 mobilis
1286 771 1374 810 vigor
1397 772 1546 802 articulos
1565 776 1727 812 stupentes

111 821 142 849 et
158 828 280 858 ungues
297 818 440 858 inrepsit.
495 819 553 858 (16)
583 818 657 849 Post
675 818 769 857 longa
786 822 928 859 tempora
944 830 1056 850 manus
1072 820 1119 850 illi
1136 823 1210 851 111110
1226 824 1301 851 nata
1317 825 1373 853 001,
1399 832 1468 852 011111
1486 823 1584 853 0011011
1600 833 1728 853 munera

111 869 315 900 confessoris:
356 869 496 900 extincta
527 869 614 900 venit
644 869 754 900 matris
785 870 825 900 ab
857 873 963 909 utero,
998 870 1071 901 riva
1102 871 1196 902 rediit
1225 872 1264 902 de
1296 873 1475 913 sepulchro.
1523 874 1603 904 Eece
1635 884 1727 913 quam

112 921 202 960 larga
225 921 469 952 remuneratoris
494 924 543 952 est
566 921 678 961 pietas,
707 924 741 951 ut
764 931 845 960 (111110
870 924 983 952 1111111111
1006 932 1066 952 non
1090 923 1209 962 genuit,
1236 923 1288 953 1110
1310 924 1452 955 membra
1476 925 1652 965 suppleret!

202 973 261 1011 (17)
289 972 357 1002 Nec
379 971 459 1002 illud
482 971 610 1011 quidem
635 972 809 1012 praeterire
834 973 995 1004 convenit.
1032 973 1114 1013 quod
1146 984 1239 1005 011000
1264 974 1348 1005 felici
1372 979 1443 1015 post
1466 980 1537 1006 vota
1561 976 1723 1006 successit.

111 1023 191 1053 Nam
220 1032 290 1053 cum
315 1023 355 1054 ad
378 1023 467 1054 beati
490 1023 619 1054 Martini
644 1023 753 1054 limina
776 1033 832 1063 pro
856 1024 1037 1064 recipiendo
1062 1025 1180 1055 lumine
1204 1030 1401 1065 properaret,
1436 1027 1467 1057 in
1491 1027 1590 1057 saneti
1614 1027 1727 1057 Hilarii

111 1074 306 1115 praeteriens
330 1074 483 1115 templum
507 1074 672 1114 ingressus
697 1078 755 1105 est.
803 1074 872 1111 Quo
897 1075 970 1106 dum
995 1076 1124 1116 vigilias
1148 1076 1250 1107 officio
1274 1077 1365 1108 solito
1388 1078 1600 1117 celebrarent,
1636 1088 1727 1109 mane

112 1126 193 1157 facto
210 1126 328 1166 apertis
345 1126 444 1157 oculis
460 1126 530 1166 ipse
547 1125 630 1156 diem
648 1126 751 1167 eoepit
766 1126 839 1157 aliis
855 1127 1010 1165 nuntiare,
1038 1127 1091 1166 qui
1108 1138 1234 1168 semper
1250 1129 1365 1168 egebat
1380 1129 1500 1160 audire.
1548 1130 1605 1169 (is)
1634 1129 1728 1170 Apud

111 1187 202 1218 quem
235 1187 298 1208 una
327 1187 388 1207 nox
421 1181 504 1216 erat,
538 1177 687 1208 tenebras
716 1177 774 1208 illa
800 1182 892 1209 nocte
916 1178 1074 1219 purgavit.
1123 1179 1183 1216 Qui
1207 1190 1376 1219 numquam
1402 1181 1523 1211 viderat
1545 1184 1728 1211 ornamenta

110 1228 190 1268 diei,
230 1228 334 1269 coepit
367 1229 415 1259 illi
448 1239 549 1259 novus
580 1229 626 1259 sol
656 1229 754 1259 nasci.
808 1229 904 1269 Apud
934 1230 1023 1260 illum
1053 1233 1125 1261 tunc
1156 1230 1311 1264 fabricata
1340 1235 1412 1262 sunt
1442 1232 1562 1269 omnia,
1600 1232 1727 1270 quando

110 1290 216 1311 eorum
241 1280 355 1311 meruit
377 1279 486 1311 videre
510 1279 676 1311 facturam.
725 1280 788 1319 En,
817 1284 851 1311 ut
874 1280 918 1311 ita
943 1281 1067 1319 dicam,
1095 1282 1230 1320 quodam
1255 1282 1348 1313 modo
1370 1287 1441 1323 post
1465 1293 1498 1314 se
1522 1283 1569 1313 illi
1592 1283 1728 1313 mundus

110 1334 158 1362 est
180 1334 282 1369 natus,
312 1341 381 1362 cum
403 1331 506 1362 factus
523 1334 571 1362 est
586 1331 725 1371 agnitus.
780 1333 839 1370 (19)
867 1331 990 1363 Caecus
1006 1332 1047 1363 ad
1066 1333 1193 1364 fratrem
1210 1334 1277 1364 01110
1295 1334 1466 1365 festinabat
1481 1334 1641 1372 accedere,
1668 1334 1727 1364 iste

109 1382 140 1413 in
169 1392 225 1413 suo
249 1383 366 1422 templo
390 1382 540 1423 dignatus
564 1386 613 1414 est
634 1382 834 1414 inluminare.
884 1383 1010 1420 Quanta.
1033 1384 1129 1415 micat
1151 1385 1254 1424 gratia
1277 1385 1452 1417 donatoris.
1488 1386 1540 1425 (1111
1565 1385 1729 1426 praevenit

111 1433 272 1465 desideria
295 1434 527 1475 supplicantis?

201 1486 260 1525 (20)
289 1484 373 1522 Quid
397 1485 491 1516 etiam
516 1485 648 1525 dignum
672 1485 807 1516 referam
833 1485 872 1516 de
896 1490 960 1516 tam
985 1487 1086 1526 regali
1110 1488 1269 1528 mysterio,
1298 1488 1381 1527 quod
1402 1489 1441 1519 ab
1459 1488 1526 1529 ipso
1543 1488 1637 1519 estin
1655 1497 1729 1526 rege

110 1537 279 1568 conlatum.
328 1536 475 1576 Denique
505 1536 708 1568 Chlodoveus
738 1537 813 1567 dum
844 1541 951 1568 00111111
981 1537 1175 1569 haereticam
1206 1543 1331 1578 gentem
1363 1543 1559 1580 pugnaturus
1590 1542 1728 1569 armatas

109 1588 194 1619 acies
218 1588 449 1626 commovisset,
478 1588 584 1619 media
607 1592 697 1619 110010
721 1588 834 1619 meruit
857 1588 897 1619 de
920 1588 1055 1620 basilica
1079 1589 1164 1620 beati
1188 1590 1248 1621 viri
1268 1590 1374 1621 lumen
1392 1601 1485 1631 super
1502 1600 1535 1621 se
1551 1590 1728 1621 venientem

109 1639 292 1680 adspicere,
329 1639 526 1675 admonitus,
560 1642 593 1670 ut
621 1639 811 1670 festinanter
841 1639 897 1670 sed
921 1650 982 1670 non
1007 1640 1073 1671 sine
1098 1641 1289 1671 venerabilis
1314 1642 1372 1672 1001
1397 1642 1536 1673 0111110110
1559 1642 1727 1672 adversum

112 1690 217 1722 hostes
242 1690 476 1722 conflictaturus
500 1691 719 1721 descenderet.
769 1691 830 1731 (21)
858 1691 950 1728 Quod
973 1691 1028 1722 ille
1045 1692 1215 1731 diligenter
1231 1693 1402 1723 observans
1420 1693 1605 1724 0101111101ιο
1622 1702 1729 1723 000111·-

111 1751 183 1774 rens
206 1745 295 1773 tanta
318 1741 529 1783 prosperitate
553 1742 652 1773 altero
676 1752 730 1782 pro
755 1752 789 1773 se
813 1745 992 1782 pugnaturo
1013 1743 1168 1783 processit
1182 1743 1223 1774 ad
1238 1743 1368 1782 bellum,
1396 1748 1429 1775 ut
1444 1744 1526 1775 intra
1542 1744 1648 1774 horam
1667 1743 1729 1774 diei

112 1793 237 1825 tertiam
270 1793 353 1824 ultra
383 1793 523 1824 humana
552 1796 625 1824 vota
656 1793 819 1824 sortiretur
848 1793 1021 1824 victoriam.
1070 1794 1129 1825 Vbi
1159 1795 1328 1826 multitudo
1359 1796 1547 1826 cadaverum
1572 1795 1668 1826 colles
1691 1805 1730 1825 ex

111 1854 145 1876 se
169 1845 239 1876 visa
263 1844 305 1875 sit
329 1844 480 1875 erexisse.
522 1845 602 1875 Ecce
628 1845 809 1875 terribiliter
832 1845 1033 1875 formidanda
1050 1846 1196 1886 prodigia
1214 1850 1244 1877 et
1260 1846 1494 1877 delectabiliter
1509 1846 1731 1886 amplectenda

110 1896 274 1927 miracula.
322 1896 437 1926 Parum
462 1895 508 1926 illi
532 1896 590 1926 suit
614 1906 669 1936 pro
693 1896 805 1927 solatio
829 1896 914 1936 regis
939 1897 1064 1936 signum
1088 1897 1253 1928 ostendere
1278 1898 1414 1936 luminis,
1447 1898 1508 1928 nisi
1532 1902 1640 1938 aperte
1665 1907 1730 1927 1110-

110 1947 194 1979 nitus
211 1947 390 1978 addidisset
405 1950 436 1978 01
451 1947 549 1978 vocis.
601 1949 660 1987 (22]
691 1947 810 1978 similis
830 1947 986 1987 quaedam
1003 1948 1134 1987 contigit
1150 1948 1340 1979 Israhelitici
1356 1949 1508 1989 temporis
1525 1949 1617 1979 huius
1635 1958 1730 1979 causa

109 1999 244 2030 virtutis.
286 1999 367 2029 Nam
392 1998 436 2029 ibi
460 1999 606 2029 columna
630 1998 715 2038 ignis
732 2002 959 2039 praecesserat,
989 1999 1040 2029 hic
1056 1999 1158 2039 figura
1174 1999 1332 2040 lampadis
1348 2000 1549 2031 admonebat.
1579 2000 1581 2039 i,
1607 2000 1728 2030 Vellem

110 2060 219 2087 nosse,
249 2060 303 2081 0111
326 2050 422 2081 fuerit
445 2050 523 2081 tanti
547 2049 670 2080 ardoris
694 2053 849 2080 secretum
873 2050 1058 2090 mysterium
1083 2054 1114 2081 et
1136 2054 1199 2081 tam
1223 2050 1426 2081 manifestum
1451 2051 1617 2091 prolatum,
1666 2050 1729 2080 Sed

111 2105 259 2142 quantum
284 2102 353 2142 ipso
370 2101 545 2142 inspirante
562 2101 671 2132 videor
687 2111 861 2140 agnoscere
878 2112 939 2131 non
956 2102 1078 2132 tacebo.
1132 2102 1191 2139 (23)
1219 2103 1335 2133 Contra
1355 2102 1533 2133 haereticas
1549 2102 1634 2133 acics
1651 2102 1731 2132 sicut

110 2153 183 2184 olim
207 2153 239 2184 in
262 2163 391 2193 corpore
414 2163 476 2183 non
500 2153 638 2184 cessarit
661 2152 773 2193 spiritu
797 2152 963 2183 dimicare:
992 2153 1142 2184 credebat
1163 2153 1222 2184 sibi
1239 2157 1347 2184 eontra
1362 2153 1544 2183 Halarieum
1562 2153 1727 2183 Arrianum

111 2204 224 2236 iterum
248 2204 351 2236 redire
376 2204 608 2236 Constantium.
653 2203 779 2241 Quanta
802 2207 850 2235 est
872 2204 919 2234 illi
944 2213 1068 2244 semper
1092 2214 1146 2244 pro
1170 2205 1255 2235 cultu
1280 2204 1454 2235 catholicae
1477 2204 1638 2244 religionis
1661 2203 1729 2234 avi-

198 2316 206 2339 l
229 2318 342 2346 peetauis
364 2316 394 2339 G¹
518 2315 576 2348 non]
599 2324 645 2340 om.
668 2317 689 2338 A
811 2317 904 2338 fluuius
923 2317 951 2338 ad
972 2314 1051 2347 ipsos-l
1071 2317 1131 2345 ipsis
1152 2317 1243 2339 ssiniins
1266 2317 1302 2346 (Α)
1434 2316 1447 2338 2
1468 2318 1524 2344 quis
1545 2317 1564 2337 A
1687 2315 1726 2344 qui

110 2362 134 2381 et
152 2373 185 2375 —
203 2358 317 2391 abstulit]
335 2363 363 2381 ut
380 2373 413 2375 —
433 2361 563 2383 abstulerit
583 2361 603 2381 A
760 2360 773 2381 :3
794 2359 913 2388 perduxit
933 2360 953 2380 A
1110 2359 1123 2381 4
1144 2360 1280 2381 mundities
1301 2360 1320 2380 A
1478 2359 1569 2380 munda
1590 2365 1675 2379 nerum
1698 2357 1727 2378 (il

111 2402 125 2424 ϋ
145 2402 223 2431 crispo
242 2403 264 2424 A
387 2401 401 2425 S
420 2403 523 2425 dominii
543 2403 563 2424 G
686 2404 700 2425 11
720 2402 781 2425 hanc
801 2400 890 2433 uitam]
909 2402 993 2424 habita
1013 2402 1032 2423 A
1150 2404 1243 2424 mortua
1261 2415 1295 2418 —
1314 2403 1457 2424 formantem
1478 2402 1498 2423 A
1622 2400 1651 2423 10
1671 2407 1728 2429 spe-

111 2443 158 2476 cie]
175 2445 195 2467 G
292 2445 358 2473 globi
375 2445 403 2475 G,
420 2446 455 2475 cf.
476 2446 501 2468 V.
522 2446 637 2468 Germani
651 2452 670 2469 c.
688 2447 719 2468 45
816 2445 941 2472 colligerat
955 2445 976 2466 A
1074 2445 1139 2467 ssuxo
1154 2445 1175 2466 Α
1282 2444 1311 2467 13
1331 2442 1402 2475 tunc]
1421 2451 1468 2466 om.
1485 2444 1505 2465 A
1613 2442 1642 2465 15
1662 2443 1728 2470 uigi-

110 2487 157 2510 liae
175 2488 247 2510 solito
266 2488 451 2511 celebrarentur
470 2489 552 2512 cleriei
572 2496 642 2511 mane
656 2489 677 2510 A
785 2487 814 2510 19
835 2485 909 2519 facto]
928 2494 974 2510 om.
992 2488 1013 2509 A
1118 2486 1149 2510 20
1169 2485 1229 2518 una]
1249 2494 1345 2516 semper
1364 2486 1419 2509 add.
1439 2487 1479 2515 (A)
1584 2486 1625 2508 illa
1644 2492 1692 2508 nox
1708 2486 1728 2507 A

111 2529 142 2553 22
162 2529 204 2562 011]
224 2533 248 2553 et
265 2531 305 2560 (A)
413 2531 445 2554 23
465 2532 495 2554 ad
515 2533 614 2554 fratrem
634 2529 700 2563 eins]
723 2531 776 2559 GA,
798 2531 827 2553 ad
847 2531 913 2553 beati
932 2531 1030 2552 martini
1051 2530 1177 2552 eei-lesiam
1197 2531 1263 2558 vnly.
1372 2529 1403 2552 24
1422 2527 1525 2559 templo]
1544 2531 1652 2557 tempore
1673 2528 1693 2549 A

111 2573 231 2596 luminare
246 2574 266 2595 A
367 2574 397 2597 27
418 2573 578 2606 chlodoueus]
594 2575 622 2603 G,
644 2575 775 2597 elodouens
789 2581 829 2596 rex
846 2574 874 2601 A,
897 2573 930 2601 cf.
951 2573 1050 2602 Greyor.
1070 2573 1129 2596 an.
1148 2574 1211 2596 llisl.
1230 2574 1269 2595 Fr.
1288 2574 1321 2599 Il,
1339 2574 1371 2595 :57
1476 2572 1507 2595 28
1528 2569 1682 2601 uenientem]
1696 2571 1726 2597 A,

112 2617 265 2639 ueniensm*
282 2616 311 2645 G,
327 2618 360 2647 cf.
374 2620 468 2646 partem
483 2619 504 2646 I,
519 2626 544 2647 p.
560 2619 608 2640 407
707 2616 738 2640 29
758 2620 782 2639 et
797 2617 905 2639 monitus
920 2618 948 2644 G,
965 2616 1004 2638 sed
1018 2619 1041 2638 et
1056 2618 1078 2638 in
1095 2617 1170 2638 litum
1267 2616 1298 2637 30
1318 2618 1490 2644 praecurrente
1505 2615 1525 2636 A
1625 2614 1655 2635 2525
1675 2614 1729 2635 uisa

111 2660 150 2681 est
171 2659 208 2688 (A)
334 2659 366 2682 34
388 2661 480 2683 monita
501 2661 540 2690 (A)
666 2659 697 2683 35
717 2657 873 2690 israhelitici]
893 2659 1052 2682 hisrahelitici
1072 2659 1157 2688 populi
1178 2659 1199 2680 A
1312 2658 1371 2680 haee
1394 2660 1413 2680 (ι’
1535 2657 1566 2679 36
1587 2655 1663 2687 ignis]
1683 2663 1729 2679 nn-

111 2701 147 2724 bis
170 2701 201 2724 G²
305 2700 394 2734 figura]
417 2703 467 2732 (A),
489 2705 593 2733 figurate
615 2704 635 2725 G
740 2703 770 2725 37
791 2703 913 2732 ploratum
936 2703 956 2723 G
1072 2700 1103 2724 38
1122 2702 1231 2730 spirante
1254 2702 1274 2723 G
1391 2701 1421 2722 32·
1443 2697 1587 2730 halarieum}
1611 2702 1638 2725 (ι’,
1661 2699 1728 2727 hyla-

111 2745 174 2766 rium
193 2745 215 2766 A
319 2745 351 2768 40
371 2745 464 2768 redisse
484 2746 504 2767 A

190 2794 315 2812 VENANTH'S
331 2795 481 2813 FORTVNATVS.
1508 2793 1521 2816 2

1752 977 1792 1007 VI

1752 1488 1811 1518 VII

1752 1999 1826 2030 vlll
