2038 3036
355 124 415 154 :3:34
960 116 981 143 V
986 115 1126 142 ENAN'H
1147 113 1361 142 FOR'I'VNA'I'I

687 218 747 246 stat
772 223 849 254 puer
872 210 1055 248 incolumis,
1082 213 1224 241 remanet
1248 219 1350 250 neque
1374 209 1476 251 pallor
1498 210 1530 241 in
1553 220 1617 241 ore.

686 265 816 296 miratur
840 262 992 294 tinnulum
1017 261 1179 293 dominus.
1208 264 1314 302 stupet
1337 265 1368 293 et
1391 261 1504 293 (lomus
1527 261 1629 293 omnis

587 328 630 346 1·.···
685 326 808 347 euri-ero
832 313 960 346 servitiu
983 322 1076 353 quem
1100 312 1242 344 crederet
1264 312 1308 344 ire
1332 313 1511 354 sepulchro.

771 366 850 397 ilinc
874 365 944 406 pius
966 363 1117 396 antistes.
1145 364 1215 395 loca
1237 364 1365 404 singula
1389 374 1474 396 more
1497 364 1677 404 requirens.

686 417 828 459 hispidus
852 415 986 448 occurrit
1010 415 1127 447 raedae
1151 415 1270 447 fiscalis
1291 416 1420 447 aniietu.

684 480 745 509 quo
769 469 923 500 iumenta.
952 467 1032 499 sacri
1057 467 1131 498 dum
1156 467 1255 508 pallia
1279 467 1420 508 pendula
1444 471 1590 499 cernunt.

686 520 807 552 fervida
830 519 1019 551 subductum
1044 529 1178 560 rapuere
1202 529 1258 560 per
1279 519 1365 550 invia
1389 529 1524 551 currum.

587 584 630 602 121·
683 571 825 603 dimissis
848 571 961 611 auriga
985 570 1061 602 rotis
1084 574 1116 602 et
1138 570 1231 602 miles
1255 569 1388 602 habenis

685 623 852 654 Martinum
877 622 986 663 flagris
1009 625 1040 653 et
1063 621 1200 653 fustibus
1224 626 1340 662 urguet
1361 621 1490 662 iniquis.

684 675 739 706 scd
764 674 804 706 ‹le
828 674 926 706 caede
950 673 1009 704 viri
1032 672 1147 714 pecudi
1171 672 1265 704 datur
1288 672 1366 704 ultio
1390 672 1500 704 tristis,

683 726 752 767 ipse
775 729 881 757 tamen
905 724 1047 766 patiens.
1076 724 1250 756 iaculorum
1274 724 1429 765 grandine
1454 733 1584 765 pressus

683 782 777 818 atque
802 776 1022 817 flagellantum
1047 776 1121 808 (lum
1145 775 1360 808 debacchatur
1383 776 1506 817 elinys.

586 840 630 858 m«-
684 829 815 860 vulnera
838 828 927 860 nulla
950 827 1046 859 refert
1069 827 1216 859 manibus
1240 838 1297 859 nee
1320 827 1360 858 ab
1384 837 1437 859 ore
1461 837 1616 859 susurros.

685 881 757 912 binc
779 880 909 920 gravius
933 879 1053 911 cruciat
1075 879 1261 911 caedentem
1285 879 1436 919 ignobilis
1459 879 1522 916 ira.

685 932 734 964 liic
757 932 831 972 quia
856 931 931 963 dum
954 931 1088 970 tolerat,
1115 940 1149 962 se
1173 930 1269 962 inridi
1293 934 1444 972 conputat
1466 931 1565 962 alter.

685 987 716 1015 ct
738 983 842 1024 magis
864 982 920 1014 ille
943 982 1037 1021 furit,
1064 981 1138 1013 dum
1163 982 1298 1014 sustinet
1320 982 1381 1014 iste
1404 982 1551 1014 libenter.

683 1036 806 1067 interea
828 1034 870 1066 ad
894 1033 1024 1066 raedam
1048 1034 1183 1066 redeunt
1204 1037 1373 1075 grassante
1397 1034 1556 1074 querella.

587 1098 631 1116 1:21»
685 1087 758 1118 dum
784 1085 879 1118 satiat
902 1085 1044 1117 vindicta
1067 1085 1184 1117 famem
1209 1085 1408 1126 lymphatilis
1432 1085 1509 1117 irae.

684 1138 788 1170 mulas
811 1138 857 1169 ire
881 1141 1009 1169 monent
1032 1147 1096 1177 qua
1119 1136 1267 1179 publicus
1290 1137 1426 1169 advocat
1449 1147 1560 1178 agger.

684 1200 761 1221 voce
785 1192 932 1231 premunt
955 1192 987 1221 et
1009 1188 1093 1220 fuste
1117 1188 1226 1220 dolant
1249 1189 1454 1229 lacerantque
1476 1188 1621 1229 flagello.

685 1241 743 1273 sed
765 1251 869 1281 neque
894 1240 1066 1281 conpulsae
1089 1240 1216 1282 rapiunt
1239 1240 1316 1280 iuga
1340 1240 1407 1272 lora
1429 1240 1622 1281 quadrigae:

684 1293 748 1325 fixa
771 1295 902 1324 manent
923 1301 983 1324 nee
1006 1291 1093 1324 fessa
1116 1295 1245 1324 movent
1266 1292 1354 1323 velut
1376 1302 1471 1324 aerea
1494 1292 1604 1332 signa.

586 1354 630 1373 ι-ιυ
686 1354 744 1376 ceu
768 1344 942 1384 liquefacta
965 1353 1046 1376 novo
1069 1353 1104 1375 se
1127 1343 1250 1384 glutine
1273 1347 1357 1375 terra
1380 1343 1528 1384 ligasset,

452 1450 546 1480 sulpic.
567 1449 629 1473 dial.
651 1449 686 1473 11.

351 1519 461 1542 surrexit
479 1519 620 1542 incolumis.
660 1524 704 1541 nos
723 1517 889 1547 obstupefacti
909 1519 993 1540 tantae
1013 1517 1048 1540 rei
1067 1517 1199 1546 miraculo,
1226 1517 1253 1540 id
1272 1517 1337 1547 quod
1356 1517 1409 1548 ipsa
1427 1518 1529 1545 cogebat
1548 1518 1654 1543 veritas,
1683 1518 1820 1541 fatebamur
1845 1523 1893 1540 nou
1914 1524 1970 1542 esse

350 1562 397 1585 sub
415 1562 491 1591 caelo,
512 1562 556 1591 qui
574 1561 709 1584 Martinuni
728 1560 807 1590 possit
825 1560 926 1583 imitari.

416 1606 440 1634 3,
466 1607 476 1627 1
503 1604 671 1634 Consequenti
691 1603 778 1626 itidem
798 1607 906 1633 tempore
927 1603 974 1626 iter
992 1609 1047 1625 curn
1067 1609 1109 1631 eo,
1137 1602 1195 1625 dum
1215 1602 1343 1626 dioeceses
1361 1603 1458 1629 visitat,
1486 1603 1628 1632 agebamus.
1667 1603 1738 1626 nobis
1757 1604 1839 1627 nescio
1857 1610 1906 1633 qua
1924 1610 1969 1627 ue-

349 1649 463 1672 cessitate
487 1647 669 1671 remorantibus
693 1646 878 1676 aliquantulum
905 1646 947 1668 illc
972 1648 1132 1676 processerat.
1176 1646 1208 1676 (2’)
1234 1646 1334 1669 interim
1359 1653 1402 1675 per
1427 1653 1541 1675 aggerem
1566 1647 1692 1676 publicum
1711 1646 1784 1677 plena
1803 1647 1970 1670 militantibus

349 1692 408 1714 viris
428 1691 518 1714 tlscalis
537 1690 609 1713 raeda
628 1690 752 1713 veniebat.
793 1689 836 1712 sed
860 1689 903 1712 ubi
922 1688 1058 1711 Martinum
1083 1689 1110 1711 in
1137 1691 1206 1712 veste
1232 1688 1329 1718 bispida
1354 1689 1424 1717 nigro
1442 1692 1467 1712 et
1487 1689 1595 1719 pendulo
1614 1689 1688 1719 pallio
1706 1690 1892 1713 circumtectum
1911 1697 1969 1713 coii-

349 1735 416 1763 tigua
435 1734 465 1756 de
484 1734 562 1757 latere
582 1733 694 1756 iumenta
714 1732 842 1761 viderunt,
870 1731 1001 1761 paululum
1027 1732 1052 1754 in
1079 1734 1174 1761 partem
1194 1732 1296 1755 alteram
1314 1733 1443 1762 pavefacta
1462 1735 1594 1755 cesserunt
1615 1732 1757 1762 ghaeserunt
1777 1732 1817 1762 F).
1858 1732 1889 1763 (3)
1911 1733 1969 1756 dein

349 1777 451 1800 funibus
471 1776 597 1807 inplicatis
615 1778 741 1805 protentos
761 1775 830 1802 illos,
852 1775 959 1804 quibus.
981 1777 1009 1797 ut
1029 1781 1101 1804 saepe
1121 1774 1234 1803 vidistis,
1260 1775 1351 1797 misera
1369 1775 1423 1804 ipsa
1443 1775 1558 1797 animalia
1577 1775 1764 1804 conglobantur,
1792 1775 1891 1798 ordines
1910 1776 1970 1799 mis-

348 1822 468 1843 cuerunt:
495 1819 603 1849 dumque
628 1825 700 1847 aegre
724 1818 906 1848 expediuntur,
936 1824 1028 1840 moram
1052 1818 1133 1841 fecere
1152 1818 1351 1847 properantibus.
1390 1825 1439 1848 qua
1457 1818 1561 1848 permoti
1580 1818 1672 1841 iniuria
1691 1818 1828 1841 militantes
1847 1819 1970 1850 praecipi-

349 1863 406 1886 tatis
426 1863 451 1885 in
471 1865 560 1886 terram
579 1862 684 1885 saltibus
704 1868 730 1884 se
749 1861 878 1884 dederunt.
923 1862 953 1890 (4)
976 1861 1066 1884 dehinc
1085 1861 1220 1884 Martinum
1247 1861 1328 1889 flagris
1353 1868 1379 1884 ac
1405 1861 1516 1884 fustibus
1536 1868 1641 1890 urguere
1660 1865 1810 1891 coeperunt.
1838 1869 1894 1885 cum
1912 1863 1969 1892 qui-

349 1907 404 1929 dem
424 1906 466 1929 ille
485 1907 570 1928 mutus
589 1907 614 1928 et
633 1904 772 1928 incredibili
791 1905 918 1934 patientia
937 1904 1059 1934 praebens
1078 1906 1147 1933 terga
1167 1904 1327 1927 caedentibus
1347 1905 1463 1927 maiorem
1483 1904 1605 1927 insaniam
1623 1904 1768 1927 infelicibus
1793 1907 1966 1934 commoveret,

351 1949 427 1977 magis
451 1955 482 1971 cx
505 1947 550 1971 hoc
575 1949 701 1976 furentes,
730 1947 792 1977 quod
819 1947 861 1970 ille
885 1948 956 1977 quasi
982 1954 1030 1970 non
1056 1947 1170 1970 sentiens
1195 1947 1296 1970 verbera
1320 1947 1398 1970 inlata
1423 1949 1600 1971 contemneret.
1642 1947 1671 1976 (5]
1701 1953 1745 1970 nos
1769 1948 1827 1971 ilico
1845 1949 1969 1971 consecuti

351 1992 420 2015 focile
444 1994 575 2014 cruentum
600 1994 675 2020 atque
700 1991 817 2013 universa
840 1991 947 2020 corporis
972 1993 1041 2020 parte
1061 1990 1197 2019 laniatum,
1224 1997 1280 2013 cuni
1299 1991 1422 2013 exanimis
1442 1991 1468 2013 in
1487 1993 1576 2014 terram
1595 1990 1782 2020 procubuisset,
1809 1990 1966 2014 invenimus:

351 2035 484 2064 statimque
510 2041 566 2056 eum
591 2033 666 2056 asello
691 2040 735 2057 suo
755 2033 911 2063 inposuimus
930 2041 957 2056 ac
977 2034 1057 2056 locum
1077 2033 1158 2057 caedis
1178 2033 1248 2056 illius
1267 2036 1427 2057 exsecrantes
1447 2034 1537 2063 raptim
1555 2034 1622 2056 abire
1641 2034 1837 2063 properavimus.
1874 2033 1969 2056 interca

350 2077 385 2099 illi
406 2077 510 2105 regressi
529 2076 559 2099 ad
578 2076 674 2099 raedam
694 2083 763 2099 suani
783 2076 863 2099 furore
882 2076 970 2099 satiato
1003 2077 1098 2105 fatigati
1117 2076 1158 2106 Vl,
1181 2076 1219 2106 agi
1238 2083 1286 2106 quo
1305 2077 1342 2099 ire
1361 2080 1491 2107 coeperant
1510 2077 1624 2099 iumenta
1642 2076 1808 2106 praecipiunt.
1850 2076 1968 2107 (biquae

349 2127 403 2142 cum
423 2120 505 2142 onmia
524 2119 574 2142 solo
593 2120 641 2142 fixa
659 2126 686 2142 ac
705 2119 725 2142 si
745 2126 822 2142 aenea
842 2120 912 2149 signa
934 2119 972 2149 (V,
994 2126 1014 2142 s.
1030 2126 1076 2142 om.
1094 2120 1148 2148 AF)
1170 2119 1316 2148 rignissent.
1338 2119 1516 2143 adtollentibus
1535 2119 1611 2142 altius
1631 2126 1712 2142 rocem
1732 2119 1865 2149 magistris,
1887 2119 1969 2149 flagris

350 2162 405 2185 hine
424 2165 499 2192 atque
518 2162 575 2185 inde
594 2162 780 2191 resonantibus,
809 2162 870 2185 nihil
896 2163 999 2191 penitus
1018 2163 1189 2186 movebantur.
1229 2165 1384 2192 consurgunt
1401 2162 1492 2185 deinde
1511 2169 1596 2186 omnes
1615 2162 1707 2192 pariter
1725 2163 1751 2185 in
1770 2162 1884 2185 verbera:
1912 2168 1969 2186 con-

349 2206 426 2228 sumit
445 2205 550 2228 Gallicas
576 2205 697 2228 mularum
718 2212 796 2235 poena
815 2206 951 2235 mastigias.
995 2206 1027 2235 ιῖῖ)
1052 2208 1103 2229 tota
1127 2206 1223 2236 rapitur
1248 2206 1309 2228 silva
1335 2206 1364 2228 de
1390 2206 1515 2236 proximo,
1543 2206 1653 2229 trabibus
1679 2205 1791 2229 iumenta
1815 2205 1966 2235 tunduntur,

421 2334 466 2358 lis
486 2334 617 2357 incolumis
637 2331 691 2365 BL]
710 2334 836 2357 incolomis
854 2334 906 2357 rell.
1046 2334 1094 2358 119
1114 2337 1187 2365 stupe
1207 2333 1229 2356 Ρ
1363 2334 1406 2357 121
1430 2341 1455 2357 iv
1476 2335 1526 2358 M!
1646 2335 1748 2358 antistis
1767 2334 1795 2363 P,
1816 2335 1924 2358 antestis
1943 2333 1970 2357 Μ

353 2377 398 2400 122
417 2384 545 2400 occurrens
564 2376 594 2400 L¹
734 2375 833 2409 raedae]
854 2377 931 2400 rliede
953 2376 1015 2406 Pl),
1036 2377 1114 2400 hedes
1135 2376 1174 2406 L1,
1197 2377 1286 2400 hedeni
1307 2377 1399 2400 NBMS
1536 2377 1618 2401 debuit
1637 2377 1714 2401 ssseali
1854 2375 1901 2401 123
1920 2383 1968 2407 quo

351 2418 462 2452 psum]
480 2418 642 2450 qu1L¹MS*-’,
664 2426 726 2450 quae
745 2419 784 2450 Sl,
804 2420 869 2450 quod
890 2419 1054 2443 Mommsenus
1174 2419 1220 2444 124
1241 2420 1384 2443 subriictnm
1404 2427 1424 2444 r.
1447 2428 1471 2451 p.
1493 2421 1551 2444 inua
1571 2420 1592 2442 Ρ
1714 2419 1761 2444 125
1781 2420 1895 2444 demissis
1913 2419 1936 2443 Ρ

350 2463 435 2486 abenis
462 2463 482 2485 1}
622 2462 669 2486 126
695 2466 765 2491 urget
791 2462 832 2486 LS
973 2463 1018 2486 127
1045 2461 1100 2495 sed]
1127 2463 1186 2492 sort.
1207 2463 1243 2487 sic
1386 2463 1432 2486 125
1458 2465 1503 2487 iau.
1531 2470 1565 2492 gr.
1587 2462 1639 2496 pn]
1665 2463 1738 2487 datur
1761 2463 1823 2486 ultio
1847 2463 1927 2487 tristis
1947 2463 1969 2486 P

355 2506 399 2528 12⁴.)
419 2505 555 2534 flagellatus
575 2505 597 2527 P
717 2506 777 2529 dum
795 2506 849 2529 deb.
872 2504 967 2538 erinys]
986 2507 1008 2530 «1.
1031 2506 1055 2530 il.
1077 2507 1177 2535 erinnys
1196 2506 1265 2535 1ἐπ.,
1287 2507 1309 2530 il.
1331 2506 1354 2530 d.
1377 2507 1461 2530 erunis
1482 2507 1512 2536 λ’,
1533 2507 1556 2530 d.
1579 2507 1602 2530 d.
1623 2507 1733 2530 erumnis
1752 2506 1851 2535 BLMS,
1874 2506 1967 2530 iaculo-

352 2555 404 2571 rum
424 2548 542 2577 grandine
561 2555 661 2578 pressus
683 2547 704 2570 P
827 2549 872 2572 1:50
892 2556 1008 2573 susurrus
1030 2548 1062 2574 M.
1085 2555 1195 2573 susorros
1216 2548 1236 2571 P
1359 2548 1406 2572 132
1426 2550 1492 2572 irridi
1513 2549 1530 2572 S
1645 2552 1763 2580 conputat
1781 2547 1883 2581 PNMS]
1901 2555 1966 2572 com-

352 2595 420 2620 putat
440 2591 482 2614 131,
607 2590 652 2614 1:33
672 2589 730 2623 istc]
750 2592 790 2615 ille
811 2592 832 2614 P
955 2593 1000 2616 1:54
1021 2591 1130 2625 raedam]
1149 2592 1248 2615 rhedam
1267 2591 1336 2616 codd.
1360 2592 1468 2621 (liredam
1490 2592 1518 2615 Lx
1635 2592 1757 2616 redeuunt
1777 2591 1800 2615 N
1901 2598 1967 2621 gras-

352 2637 420 2656 sante
441 2632 496 2665 1le
515 2637 640 2657 crassante
659 2635 711 2658 reli.
837 2636 945 2665 querella
967 2634 1032 2668 XM]
1051 2636 1155 2666 querilla
1175 2635 1204 2665 1’,
1224 2636 1326 2665 querela
1346 2635 1410 2658 BLS
1534 2635 1580 2659 135
1599 2635 1751 2665 lyniplmtilis
1771 2633 1803 2667 P]
1821 2634 1967 2665 limphatilis

353 2677 403 2702 151.v
426 2677 554 2704 lymsutilis
575 2676 643 2700 XMS
751 2677 796 2700 1:315
816 2681 916 2701 mouent
938 2678 959 2701 A·
1062 2679 1119 2708 quia
1139 2677 1192 2701 BL¹
1298 2678 1415 2708 puplivus
1437 2678 1458 2700 Ι)
1563 2678 1609 2702 138
1628 2678 1760 2708 eonpnlsae
1780 2676 1881 2710 PNMSJ
1901 2683 1965 2701 com-

353 2719 435 2747 pulsae
452 2719 470 2741 Ι,
575 2721 627 2749 iaga
643 2720 664 2741 N
771 2720 817 2743 1:3¹)
837 2720 914 2753 sessa]
926 2723 984 2751 sori.
1001 2723 1064 2744 nexa
1169 2721 1243 2744 uelud
1259 2721 1280 2743 ,Υ
1384 2719 1465 2753 sigua]
1485 2721 1560 2745 uelud
1575 2721 1606 2744 Nl
1620 2728 1680 2746 corr.
1698 2721 1730 2745 N¹
1836 2720 1884 2744 140
1902 2720 1968 2750 glut-

354 2761 405 2783 tine
427 2761 475 2790 ks,
495 2762 619 2790 guluttiuo
641 2763 665 2785 ,ll
770 2764 865 2792 ligas-sit
885 2764 906 2786 N
