2038 3036
181 397 235 427 vll

164 805 232 835 x‘lll

188 1725 232 1755 IX

263 155 302 177 ω,
563 147 757 174 ulwsCVLA
779 146 970 172 x‘ENAx'rm
991 143 1219 171 FORTVNATO
1238 143 1341 170 MALE
1361 144 1582 171 ATTRlBV'rA

264 245 375 285 plenus
401 244 544 279 indulget
568 242 684 272 crimen
709 241 867 280 dmmtque
894 239 1008 270 t'nrtmn
1034 247 1165 268 monens
1189 248 1303 279 saepe.
1341 243 1373 270 ut
1396 239 1462 270 suis
1485 239 1597 270 usibus
1620 239 1802 271 necessaria
1826 249 1884 281 po-

261 297 321 327 tin-
354 302 436 336 petat
466 304 558 333 qnam
593 293 693 332 rapiat
724 297 753 322 et
785 290 965 322 necessaria
990 289 1050 320 sibi
1076 289 1245 320 tribuentis
1270 299 1398 321 munere
1423 300 1485 321 non
1510 289 1640 331 rapinae
1665 290 1785 322 scelere
1809 300 1885 322 eon-

263 348 400 377 t'‹·1·autur
445 345 488 374 sit·
512 354 586 381 erg·-
611 342 841 381 imlnlgcntiam
866 352 884 372 a
909 344 1018 372 saneto
1043 340 1108 371 viro
1133 340 1306 381 promeruit
1329 345 1360 372 et
1383 341 1542 372 discessit.

361 399 398 425 ἵν.)
438 395 519 432 Quid
553 403 720 424 memorem
752 393 782 423 in
814 392 924 423 eodem
954 391 1056 422 uitulo
1080 401 1099 422 a
1123 390 1219 422 simili
1244 391 1381 423 scelesto
1404 391 1564 432 quondam
1590 391 1686 423 mella
1709 392 1749 424 ab
1773 393 1885 424 alrea-

263 449 346 478 ribus
378 452 525 477 nocturna»
553 444 679 484 derupta
707 443 787 474 furto
811 443 983 482 delataque
1008 441 1136 473 domum
1161 442 1192 473 in
1217 442 1296 483 picis
1320 453 1450 484 prorsus
1474 447 1595 474 unitata
1619 446 1780 477 naturam.
1816 447 1883 475 stu-

261 499 366 539 puisse
404 507 489 527 rcum
525 495 744 526 aiiimiratione
779 493 922 525 virtutis.
962 503 1032 524 cum
1068 493 1209 524 criminis
1243 503 1305 525 non
1340 493 1468 526 deesset
1502 504 1599 525 causa
1629 499 1660 525 et
1689 495 1884 526 conscientia

260 549 398 580 criminis
429 551 586 586 torqueret
618 550 798 577 atu-torem?
851 546 907 584 ι53)
936 543 1080 575 Tandem
1113 553 1186 575 vero
1211 544 1413 576 criminosum
1437 545 1503 576 alto
1527 545 1642 577 mentis
1666 548 1794 586 stupore
1818 545 1885 577 dis-

260 610 385 631 vussmn
410 598 449 629 ad
469 598 641 629 antistitem
661 606 859 638 properasse„
888 595 1035 626 retulisse
1054 595 1170 627 furtum
1188 596 1369 636 sanctisque
1387 600 1577 637 prostratum
1595 595 1742 636 vestigiis
1758 596 1884 628 veniam

261 650 406 682 mentoris
435 649 629 690 postulasse.
666 647 818 689 perfacile
842 646 1038 688 supplicanti
1063 646 1236 678 indulsisse
1260 646 1434 678 antistitem
1459 651 1669 688 naturamque
1694 647 1800 678 mellis
1823 657 1885 679 non

260 702 368 732 ιιιίιιυή
399 700 576 732 reddidisse
605 698 756 730 miraculo
779 708 873 738 qnam
899 702 1058 730 mutasse.
1093 697 1137 729 ita
1161 707 1250 729 reum
1274 707 1331 738 pro
1356 698 1514 739 supplicio
1538 698 1664 730 veniam
1689 708 1804 730 munus
1828 698 1885 730 do-

259 764 341 784 nmm
368 752 513 783 retulisse
540 761 594 792 pro
620 750 761 781 crimine.

360 806 396 833 51
440 803 582 843 Dumque
615 801 663 832 liis
694 801 843 832 virtutum
876 799 1014 840 fulgeret
1042 799 1222 838 miraculis,
1258 800 1387 831 beatum
1419 800 1579 841 gloriosae
1603 801 1886 833 consummationis

261 862 384 896 tempus
408 854 553 885 advenit.
589 853 645 884 scd
671 862 739 883 eum
766 852 865 882 fracta
889 851 951 882 iam
977 861 1056 882 aero
1081 851 1222 882 membra
1246 851 1432 884 deficerent.
1468 851 1620 884 afflictum
1645 855 1885 892 emortuumque

261 917 374 948 corpus
410 906 508 936 virtus
543 904 756 936 abstinentiae
787 903 957 934 roborabat
987 906 1017 934 et
1047 902 1133 942 quod
1162 906 1275 934 natura
1306 906 1481 943 negaverat
1510 904 1656 935 meritum
1687 903 1883 935 conferebat.

274 961 312 988 ῖιῖι
361 958 494 997 l·'11itque
529 960 634 987 tantus
665 955 695 985 in
726 965 762 986 eo
793 954 859 985 viro
890 954 963 985 fidei
996 954 1113 991 fervor,
1153 957 1186 985 nt
1216 954 1392 986 insatiabili
1424 954 1537 987 ardore
1568 965 1629 996 quo
1659 955 1732 996 plus
1762 955 1885 996 corpori

259 1009 465 1040 distiictionis
497 1007 655 1038 intulisset
685 1016 721 1037 eo
751 1006 868 1037 inferre
900 1005 974 1046 plus
998 1008 1143 1046 cuperet,
1182 1009 1213 1037 et
1236 1005 1280 1037 ita
1304 1008 1394 1037 erant
1416 1009 1589 1046 augmenta
1613 1006 1792 1038 meritorum
1817 1006 1886 1038 eius

260 1061 461 1091 incitamenta
487 1058 695 1100 profectuum.
743 1058 839 1088 Amor
862 1056 981 1098 quippe
1005 1056 1057 1088 dei
1082 1056 1211 1088 reficere
1235 1057 1376 1088 animum
1400 1061 1518 1098 potest.
1547 1057 1665 1089 satiare
1689 1057 1884 1089 desiderium

260 1123 320 1143 nnn
354 1115 470 1152 potest.
506 1109 563 1141 sed
586 1109 688 1149 magis
712 1108 880 1149 magisque
903 1118 973 1139 eum
998 1108 1142 1139 hauritur
1165 1108 1250 1139 sitim
1273 1107 1464 1140 inflammat.
1499 1109 1694 1141 iocunditate
1719 1109 1802 1141 enim
1827 1118 1885 1140 sua

259 1163 373 1194 excitat
397 1161 583 1203 appetitum.
612 1160 668 1191 sed
693 1170 754 1191 non
780 1159 856 1191 facit
880 1159 919 1191 de
944 1159 1090 1190 satietate
1108 1158 1283 1190 fastidium.
1336 1162 1395 1199 <56¹¹
1425 1159 1526 1200 Igitur
1541 1160 1747 1192 beatissimus
1764 1161 1884 1191 Aman-

258 1215 319 1245 tius
350 1214 408 1244 liae
438 1212 618 1243 meritorum
649 1212 720 1243 luce
745 1211 872 1251 fulgens
897 1214 1023 1242 terrena
1046 1210 1138 1242 terris
1162 1211 1305 1242 membra
1328 1211 1544 1242 commendat.
1579 1211 1729 1243 caelestis
1754 1211 1884 1252 spiritus
1905 1224 1917 1243 ·.¹

259 1266 344 1296 celsa
376 1263 570 1295 conscendit.
620 1263 689 1294 Illie
720 1272 803 1294 nunc
826 1262 958 1294 interest
982 1262 1085 1293 choris
1109 1262 1314 1302 angelorum.
1349 1262 1399 1293 hic
1424 1262 1527 1303 fulget
1550 1262 1694 1294 claritate
1718 1262 1880 1300 virtutum,

259 1317 323 1348 illic
347 1315 530 1356 interpellat
554 1324 609 1355 pro
634 1314 762 1345 famulis
785 1324 862 1345 voce
887 1313 1033 1355 supplici.
1062 1313 1112 1344 hic
1136 1317 1240 1345 tuetur
1257 1313 1394 1345 famulos
1410 1314 1526 1345 virtute
1543 1314 1682 1352 sublimi,
1710 1313 1775 1345 illie
1792 1313 1880 1354 petit,

259 1369 306 1399 liic
337 1371 490 1408 praestat.
527 1366 592 1397 illie
624 1369 695 1396 vota
728 1365 849 1403 fundit,
883 1365 934 1396 hic
965 1365 1045 1396 votis
1077 1364 1262 1406 respondet,
1297 1365 1363 1396 illic
1394 1375 1477 1396 nune
1501 1369 1631 1397 aeterna
1655 1365 1884 1406 circumseptus

257 1420 370 1451 emicat
404 1419 473 1450 luce
508 1417 559 1448 vel
591 1417 772 1448 meritorum
803 1416 974 1457 splendore
1006 1416 1092 1447 clara
1123 1416 1174 1448 vel
1203 1416 1313 1448 illatae
1343 1416 1444 1448 crucis
1474 1416 1640 1448 tormentis
1671 1425 1762 1448 roseo
1792 1415 1884 1456 quasi

258 1471 378 1510 fulgore
403 1479 572 1510 purpurea.
636 1471 683 1499 57
714 1468 796 1499 Nam
826 1468 897 1509 ipse
928 1468 960 1499 in
991 1471 1093 1499 semet
1121 1471 1153 1499 et
1176 1472 1360 1508 perseeutor
1383 1467 1601 1508 extinguendo
1624 1467 1703 1499 vitia
1725 1467 1829 1499 extitit
1853 1471 1885 1499 et

258 1525 375 1561 martyr
398 1520 611 1560 crucifigendo
635 1529 748 1560 corpus
772 1519 900 1551 emicuit
923 1519 1122 1560 adeptusque
1146 1522 1195 1550 est
1217 1529 1334 1550 novum
1358 1529 1421 1550 non
1445 1523 1545 1551 morte
1569 1519 1627 1551 sed
1650 1519 1754 1551 carnis
1775 1517 1884 1550 morti-

258 1573 400 1604 ficatione
432 1571 628 1612 martyrium.
676 1571 715 1601 Et
745 1580 814 1602 cum
847 1570 887 1602 sit
917 1570 950 1601 in
980 1574 1152 1611 conspectu
1182 1570 1302 1601 domini
1335 1569 1475 1611 pretiosa
1503 1580 1587 1601 mors
1610 1570 1773 1611 martyris⁷
1809 1570 1882 1602 dum

257 1623 459 1655 beatissimus
483 1622 649 1653 Amantius
672 1622 741 1662 ipse
765 1622 796 1653 in
821 1632 855 1653 se
880 1622 1002 1653 hostem
1026 1627 1057 1653 et
1080 1621 1282 1663 persequitur
1305 1625 1335 1653 et
1359 1621 1541 1662 prosternit.
1573 1620 1632 1653 fuit
1655 1621 1687 1653 in
1711 1624 1883 1663 conspeetu

257 1675 373 1706 domini
399 1673 536 1715 pretiosa
560 1683 643 1705 mors
667 1673 817 1705 viventis.

360 1726 407 1762 531
443 1726 604 1756 Hactenus
634 1724 761 1764 quidem
792 1724 890 1756 vitam
921 1724 1007 1756 beati
1037 1724 1230 1756 confessoris
1260 1724 1401 1756 Amantii
1433 1724 1540 1755 divino
1570 1733 1701 1756 munere
1732 1727 1765 1755 ut
1796 1723 1882 1765 potui

1908 710 1936 731 10

1909 967 1936 987 15

1904 1479 1934 1499 25

1903 1736 1932 1755 :10

257 1777 329 1808 stilo
359 1776 490 1817 digessi.
546 1776 637 1807 Nunc
666 1786 768 1816 pauca
798 1775 837 1807 de
869 1775 919 1807 his
950 1785 1031 1816 quae
1063 1775 1456 1816 triumphator-egregius
1488 1775 1589 1816 gessit
1618 1775 1708 1807 brevi
1738 1785 1882 1807 sermone
1906 1813 1909 1817 ι

257 1828 479 1867 constringam.
550 1829 597 1867 593
628 1827 730 1867 Igitur
754 1827 868 1858 mulier
891 1826 1049 1867 quaedam
1074 1830 1142 1858 erat
1166 1826 1294 1858 Iuliana
1317 1827 1444 1858 nomine
1469 1826 1566 1858 vidua
1589 1830 1620 1858 et
1643 1836 1723 1858 anus
1747 1830 1779 1858 et
1801 1836 1881 1868 pau-

257 1890 320 1920 per.
348 1889 441 1919 quam
466 1879 613 1910 artabant
637 1879 754 1919 pariter
777 1878 936 1919 fragilitas
960 1878 1040 1909 senii
1064 1882 1096 1910 et
1119 1878 1257 1910 solitudo
1281 1882 1313 1910 et
1336 1882 1476 1919 egestas.
1504 1878 1634 1919 vigebat
1656 1878 1688 1909 iu
1713 1887 1751 1910 ea
1774 1882 1880 1910 tamen

258 1930 346 1961 fortis
375 1930 500 1961 animus
531 1940 816 1969 aerumnarumque
850 1934 1055 1970 contemptor.
1110 1931 1169 1969 (60)
1200 1930 1287 1961 Haec
1311 1940 1372 1970 quo
1395 1929 1522 1971 propior
1545 1929 1652 1961 divino
1676 1929 1764 1970 operi
1787 1929 1876 1968 foret,

257 1982 405 2012 cellulam
436 1991 532 2022 prope
563 1981 664 2012 sancti
694 1981 845 2013 antistitis
876 1981 1044 2012 basilicam
1075 1981 1257 2019 collocavit,
1294 1985 1327 2013 ut
1358 1981 1571 2022 frequentiam
1596 1991 1690 2021 quam
1713 1981 1804 2012 tarda
1828 1990 1881 2012 se-

257 2038 366 2063 nectus
397 2033 424 2062 ei
454 2036 628 2072 negaverat
658 2032 805 2063 vicinitas
836 2033 974 2064 cellulae
1006 2035 1208 2064 restauraret.
1264 2034 1321 2072 [61¹¹
1350 2033 1432 2064 Huic
1463 2032 1626 2064 mercandi
1655 2031 1880 2072 vendendique

258 2083 321 2114 xini
347 2093 436 2114 usum
461 2084 635 2114 necessitas
660 2084 818 2115 variarum
843 2084 958 2115 artium
983 2084 1136 2124 magistra
1159 2087 1401 2116 monstraverat.
1450 2083 1650 2115 Mercabatur
1673 2083 1780 2124 itaque
1804 2093 1878 2116 ven-

257 2134 413 2174 debatque
444 2134 501 2165 hoc
532 2134 625 2165 modo
655 2134 743 2165 rina.
780 2139 813 2166 ut
843 2134 927 2175 quod
959 2138 1125 2176 supererat
1147 2135 1240 2176 pretii
1264 2135 1354 2167 fieret
1377 2135 1556 2167 substantia
1579 2134 1754 2166 laborantis
1777 2144 1881 2175 neque

347 2221 352 2243 l
378 2219 490 2252 ixion-ens]
511 2224 642 2250 monetpzc
663 2221 690 2244 Β.
714 2228 770 2243 eum
789 2221 844 2244 add.
865 2222 884 2244 L
1009 2222 1091 2251 potius
1111 2223 1250 2245 necessaria
1269 2223 1358 2245 usibus
1379 2222 1398 2244 L
1523 2221 1537 2245 2
1557 2219 1594 2254 ct]
1613 2225 1640 2244 ut
1660 2222 1681 2244 B
1808 2221 1822 2243 3
1841 2222 1880 2244 iu-

257 2264 383 2287 11111211111ia
403 2272 415 2286 a
436 2268 519 2286 sancto
538 2264 583 2286 sibi
604 2270 718 2286 concessa
737 2265 768 2286 ab
787 2271 814 2287 eo
833 2265 946 2287 discessit
968 2265 986 2287 L
1108 2265 1122 2288 4
1143 2263 1279 2298 qnondam]
1298 2272 1345 2288 om.
1363 2265 1382 2288 L
1506 2265 1520 2287 5
1542 2267 1652 2287 naturam
1673 2266 1766 2287 mutata
1784 2266 1809 2287 et
1828 2267 1880 2286 stu-

257 2308 340 2336 puis-12·
356 2307 374 2329 L
480 2307 494 2329 (j
515 2304 574 2337 non]
588 2314 636 2329 nm.
653 2306 674 2328 Β
779 2306 791 2328 'i
813 2305 948 2339 auctorem]
968 2314 1022 2329 cum
1043 2308 1110 2331 furto
1129 2308 1265 2337 dampnum
1285 2310 1427 2338 superesset
1447 2310 1472 2331 et
1493 2308 1581 2337 iniqua
1603 2313 1672 2330 mens
1691 2307 1717 2330 iu
1737 2310 1786 2330 tam
1806 2305 1878 2329 atroci

258 2353 365 2371 maneret
386 2350 478 2372 scelere
497 2349 553 2371 adil.
573 2349 602 2378 lt,
630 2356 685 2371 cum
713 2350 777 2372 furto
802 2350 920 2372 damnum
947 2353 1102 2380 superesset,
1130 2351 1156 2373 in
1182 2358 1229 2381 qua
1253 2354 1363 2374 moestus
1389 2351 1463 2374 atroci
1485 2353 1596 2373 maneret
1615 2350 1640 2372 in
1661 2350 1753 2373 scelere
1771 2348 1828 2372 add.
1845 2349 1878 2372 S:

256 2394 279 2420 μ’
300 2400 334 2413 αα
355 2391 448 2414 videtur
465 2399 513 2414 cuc
637 2391 736 2414 tandem
757 2390 827 2423 uero]
847 2392 873 2421 S,
896 2393 1046 2422 tandemque
1066 2393 1096 2421 B,
1119 2393 1219 2416 tandem
1240 2400 1327 2416 uerum
1347 2396 1385 2416 est
1404 2393 1425 2416 L
1543 2399 1629 2423 sopore
1648 2392 1669 2415 L
1792 2391 1806 2415 8
1826 2398 1880 2421 pro-

258 2442 354 2464 perasse
375 2439 397 2457 et
420 2436 512 2457 furtum
532 2435 648 2457 retulisse
663 2434 684 2456 B
788 2434 802 2457 9
823 2433 972 2467 postulasse]
992 2439 1017 2458 et
1034 2435 1092 2458 add.
1110 2436 1130 2458 L
1237 2434 1411 2468 naturamque]
1431 2439 1457 2459 et
1476 2437 1511 2459 sic
1531 2439 1642 2458 naturam
1657 2435 1675 2457 L
1784 2433 1814 2458 lo
1833 2435 1879 2457 mi-

258 2479 322 2499 nuri>
343 2478 444 2500 rediisse
465 2478 574 2499 mimmii
597 2478 643 2500 fuit
664 2484 736 2506 quam
757 2478 848 2500 mutari
871 2478 889 2500 L
995 2476 1041 2510 ita]
1061 2482 1086 2501 et
1105 2479 1139 2501 ita
1160 2479 1180 2501 B
1285 2477 1396 2510 domum]
1416 2485 1462 2501 om.
1481 2478 1500 2501 L
1632 2477 1661 2501 12
1681 2475 1741 2510 que]
1759 2484 1806 2500 om.
1824 2477 1845 2499 Β

258 2519 372 2551 luia-eret]
392 2521 443 2549 ipse
463 2520 520 2543 mm,
538 2520 557 2542 L
662 2518 792 2551 gloriosae]
813 2521 867 2543 eins
887 2520 945 2544 odd.
962 2521 980 2543 L
1099 2521 1126 2544 13
1147 2524 1323 2551 mortuumque
1342 2528 1430 2551 corpus
1449 2522 1614 2544 abstinentiae
1634 2521 1655 2544 L
1763 2520 1792 2544 14
1811 2520 1878 2543 robo—

258 2561 335 2593 rat-at]
356 2563 436 2584 lilmn·
455 2566 506 2585 erat
529 2562 546 2584 1.
673 2562 701 2585 15
721 2562 759 2594 eo]
779 2567 863 2585 saneto
883 2563 901 2586 L
1028 2564 1057 2587 16
1077 2562 1117 2596 eo]
1136 2572 1184 2588 om,
1201 2564 1221 2587 L
1327 2562 1393 2596 eius]
1412 2571 1461 2587 om.
1478 2564 1497 2587 L
1622 2563 1652 2588 18
1673 2563 1827 2587 iocunditate
1847 2561 1878 2585 R¹

261 2606 288 2627 12·
311 2606 395 2627 beatus
418 2605 436 2626 l:
587 2606 619 2628 ‘20
639 2606 722 2628 condit
743 2606 783 2628 sed
804 2606 917 2629 caelestis
939 2607 966 2632 1,,
990 2607 1049 2629 caeli
1071 2607 1090 2629 B
1239 2606 1268 2630 21
1291 2607 1371 2630 choris
1391 2608 1498 2630 interest
1519 2607 1539 2629 B
1679 2605 1709 2629 24
1731 2607 1805 2630 micat
1825 2605 1845 2627 Β

257 2654 319 2669 ‹nr-r
341 2648 358 2669 L
464 2646 606 2679 tunm-ntis]
625 2656 671 2671 om.
689 2648 708 2670 L
814 2647 897 2681 quasi]
916 2656 942 2672 ac
964 2650 982 2672 L
1106 2649 1138 2673 25
1158 2657 1282 2680 purpureo
1302 2650 1322 2673 L
1428 2650 1481 2679 ipse
1501 2650 1527 2672 in
1547 2647 1636 2681 semet]
1655 2653 1680 2672 et
1700 2649 1725 2672 in
1745 2649 1879 2678 semetipso

261 2689 277 2710 l.
400 2691 568 2715 ruinam-ndo
588 2691 649 2713 uitia
668 2690 766 2723 extitit]
786 2692 847 2714 uitia
867 2692 1012 2722 exequendo
1032 2693 1143 2715 extinxit
1162 2692 1182 2715 L
1323 2691 1354 2716 26
1375 2699 1467 2716 nouum
1488 2699 1535 2715 non
1557 2690 1645 2724 morte]
1665 2691 1696 2721 M,
1719 2697 1811 2715 nouum
1830 2696 1878 2714 nou

259 2736 340 2753 mortu·
362 2732 387 2756 lt,
412 2739 458 2754 nnn
480 2737 579 2755 inanem
601 2733 619 2755 Ι,
760 2734 790 2757 25
811 2735 864 2764 ipse
885 2735 908 2757 in
930 2742 955 2757 se
975 2735 1068 2757 hostem
1089 2733 1125 2767 et]
1144 2735 1239 2758 hostem
1260 2735 1280 2758 L
1421 2735 1526 2765 pretiosa
1546 2735 1572 2758 in
1592 2736 1724 2764 conspectu
1744 2733 1837 2757 domini
1858 2731 1879 2755 L

258 2776 288 2795 Ἠ
311 2773 431 2805 mannia-j
451 2775 563 2797 -Iae-*anunt
585 2776 613 2799 11,
637 2776 676 2798 ubi
697 2783 784 2798 rassw
804 2776 839 2799 Ξι
863 2784 951 2805 λιιῑκκις
974 2778 1046 2800 „aar
1065 2779 1182 2807 ⁴«equitur.
1203 2780 1224 2801 ct
1244 2778 1262 2800 S

1901 1992 1931 2011 :1⁵
