2038 3036
96 677 122 696 10

96 933 123 951 15

95 1187 123 1207 20

728 112 820 138 VITA
841 112 976 139 SANCTI
995 112 1180 140 MEDARDI.
1717 119 1754 147 119

235 206 294 247 (tl)
334 205 481 245 Contegit
519 214 593 245 ergo
632 206 774 236 autumni
812 207 962 247 temporis
1000 208 1120 239 fructus
1158 208 1335 240 mitiscente
1373 209 1472 240 butris
1513 210 1581 240 fuco
1616 210 1756 240 variante

143 257 316 289 vindimiae
350 257 478 288 ubertas
514 255 709 293 ostenderet,
754 267 810 297 per
843 268 935 297 quam
971 259 1100 290 latronis
1135 259 1298 290 temeritas
1332 260 1400 291 eius
1435 260 1537 299 gratia
1571 261 1756 301 publicaret.

143 309 338 350 Intempesta
367 307 465 348 igitur
493 310 583 338 nocte
616 317 686 338 cum
718 308 822 347 potius
853 308 885 339 in
915 309 1062 340 humanis
1092 310 1300 350 corporebus7
1333 320 1475 342 curarum
1500 311 1683 343 diversitate
1708 323 1759 343 sc-

143 361 242 399 elusa,
271 359 452 390 dominante
477 358 603 389 silentio
627 358 736 388 blandi
762 359 882 399 soporis
906 370 985 391 onus
1008 360 1177 401 incumbet,
1205 361 1330 392 vineam
1354 372 1442 393 suam
1467 363 1614 403 cupidine
1639 363 1759 394 fraudis·

143 411 289 452 inpulsus
313 411 394 441 latro
419 408 594 449 capiendus
618 409 768 449 expetiet7
796 410 952 441 tenendus
973 411 1100 452 inrupit.
1157 413 1213 451 ⁸12)
1242 413 1331 443 Tune
1347 413 1498 453 praedam
1515 414 1622 453 gladio
1640 414 1759 445 sicante

144 461 335 502 corripiens,
370 461 439 501 ipse
470 459 573 500 magis
598 459 769 500 praedatus
793 460 874 491 intra
898 462 1040 502 patentia
1063 466 1153 503 septa
1177 463 1407 503 constringetur
1431 468 1461 495 et
1483 465 1567 504 quod
1591 465 1759 504 cffrangire

143 513 303 545 violentus
334 511 434 543 voluit
463 520 667 551 nequaquam
698 511 810 542 evasit.
864 514 922 551 (13)
952 512 987 543 In
1018 516 1176 553 posterum
1208 524 1264 545 suo
1288 514 1408 545 climini
1433 516 1609 556 captivatus
1632 520 1759 555 gustum

143 563 260 595 habere
292 563 330 594 de
359 562 477 594 furtum
508 572 570 593 non
602 562 715 593 meruit
747 566 777 593 et
808 563 968 594 redeunde
999 564 1126 595 adetmn
1159 565 1264 596 ebrius
1294 575 1355 596 non
1388 566 1508 597 invenit
1537 577 1594 597 nce
1618 567 1759 597 amittere

143 618 269 656 poterat
301 614 385 654 quod
418 616 681 654 praesumpserat
714 623 773 644 nee
803 614 928 645 auferre
958 614 1006 645 fas
1037 615 1148 646 habuit
1178 616 1261 654 quod
1290 617 1455 649 ambebat.
1495 617 1551 648 sed
1583 628 1651 647 cum
1682 617 1759 647 inibi

147 666 248 707 primo
272 665 417 697 delucolo
441 664 487 695 rei
510 664 674 705 praescius
697 664 811 696 vineae
836 665 1015 696 dominatur
1038 670 1231 705 occurreret,
1267 666 1367 698 furem
1392 672 1552 708 1611116161,
1588 678 1679 708 quem
1704 678 1761 699 sua

142 718 206 749 iam
238 717 358 758 praeda
387 715 628 757 praevinxerat,
664 719 696 747 et
726 718 857 755 uterque
889 716 952 747 alio
983 720 1102 748 mutato
1133 717 1201 748 iure
1232 718 1389 749 servabat.
1453 720 1508 757 ll)
1544 719 1633 749 Tune
1662 729 1761 758 usque

144 769 259 799 adeum
284 767 385 798 saneti
407 767 485 798 ultio
510 766 555 797 rei
580 766 682 798 saevit
704 767 736 797 in
761 766 901 800 crimine.
929 771 962 798 ut
986 777 1064 798 uvas
1088 768 1216 808 propria
1238 778 1333 798 manu
1357 768 1540 809 discerpens
1557 774 1760 809 augmentum

144 819 247 859 magis
281 819 329 850 illi
362 817 493 859 profusa
529 817 688 849 oblatione
722 818 867 848 tribuerit
901 821 932 849 01
966 818 1115 849 delictum
1151 819 1369 858 obiurgatione
1405 820 1566 859 castigans
1601 820 1761 851 remeandi

143 870 272 902 adetum
295 869 486 909 indulgeret.

234 922 294 962 (15)
322 921 395 951 Pari
418 920 516 961 igitur
538 920 653 951 meruit
674 930 779 960 poena
802 920 968 960 percellire
992 921 1043 951 vel
1067 920 1258 960 perdurante
1282 920 1398 952 insidia
1421 921 1587 952 cohercere
1611 921 1662 961 qui
1684 931 1761 952 vasa

144 973 213 1004 eius
243 972 370 1003 domum
400 975 553 1003 nocturna
584 970 767 1011 obreptione
798 971 1008 1011 praeveniens
1032 971 1172 1002 distenta
1195 971 1290 1002 1116110
1314 971 1484 1003 furaverat.
1535 973 1681 1004 Custodis
1706 972 1762 1003 de-

132 1023 288 1065 ceptione
318 1023 436 1054 eallida
466 1022 572 1054 fallire
602 1022 716 1063 potuit,
751 1031 849 1062 pecus
873 1022 957 1062 quod
980 1026 1130 1063 rapuerat
1153 1023 1339 1054 temerarius
1362 1033 1424 1053 non
1448 1023 1559 1054 evasit.
1613 1024 1671 1063 (16,
1700 1024 1761 1054 Ca—

144 1079 279 1106 strorum
313 1074 497 1105 habitacula
531 1073 677 1104 sublatae
711 1083 788 1114 apes
823 1083 894 1104 oum
927 1073 1148 1113 indignatione
1184 1073 1385 1113 linquebant,
1425 1074 1540 1114 ubique
1570 1074 1670 1106 furem
1702 1084 1761 1104 non

145 1129 231 1157 casto
262 1125 399 1157 ditantes
424 1135 535 1166 opere,
574 1124 632 1155 sed
655 1125 834 1155 aeoleorum
859 1124 994 1155 saevitia
1017 1128 1262 1165 persequentes,
1298 1134 1460 1165 quousque
1485 1125 1614 1156 latronis
1639 1125 1762 1156 detecta

145 1176 289 1208 confusio
317 1179 427 1207 sancto
459 1175 543 1216 quod
570 1175 776 1206 fraudaverat
806 1175 955 1206 reddedit
977 1179 1009 1206 et
1033 1176 1157 1206 veniam
1183 1179 1358 1216 prostratus
1381 1176 1516 1207 invenit:
1554 1176 1610 1207 sed
1634 1186 1691 1207 nec
1714 1176 1763 1206 in—

144 1228 256 1259 merito
286 1227 340 1268 pia
370 1226 544 1258 sacerdotis
573 1226 773 1266 indulgentia
804 1236 891 1257 reum
924 1236 984 1257 non
1016 1226 1189 1257 damnabat
1220 1237 1258 1257 ex
1290 1227 1419 1258 0111111116
1451 1238 1543 1267 quem
1574 1227 1644 1267 ipsa
1668 1227 1763 1257 ultrix

146 1278 269 1320 praeda
291 1278 470 1318 turquebat.

237 1331 297 1369 (17)
330 1329 462 1360 Accedit
494 1329 589 1360 etiam
621 1328 724 1359 simile
754 1328 811 1359 sub
842 1329 902 1359 hae
931 1328 1109 1369 proditione
1143 1329 1338 1370 mysterium.
1390 1329 1472 1360 Dum
1504 1330 1605 1360 viator
1634 1329 1762 1368 quidam

145 1382 234 1412 iuxta
265 1381 392 1412 domum
424 1380 493 1411 eius
524 1380 641 1420 agendi
672 1380 794 1411 itineris
827 1379 920 1420 cupia
943 1380 1144 1420 praeteriret.
1180 1380 1309 1421 capiens
1332 1380 1420 1411 illius
1444 1381 1561 1411 callida
1584 1380 1696 1411 fraude
1719 1380 1764 1411 io-

236 1527 317 1551 1—14
339 1528 440 1549 Fortun.
462 1534 537 1549 carm.
563 1527 600 1551 ΙΙ,
626 1528 664 1555 16,
686 1527 732 1549 35:

629 1576 684 1591 nam
705 1570 779 1591 500161
801 1572 829 1591 01
850 1569 936 1591 molles
955 1572 1098 1598 carpserunt
1117 1569 1226 1597 palmitis
1246 1576 1316 1595 uvas,

698 1619 746 1634 non
766 1612 867 1634 1310016
886 1612 975 1641 gradus
995 1612 1052 1634 inde
1072 1612 1163 1634 referre
1183 1612 1251 1641 soris,

630 1662 675 1677 nec
693 1656 777 1684 petuit
796 1658 877 1684 raptor
895 1654 1000 1684 pedibus
1020 1654 1157 1677 subducere
1177 1654 1299 1683 praedam,

696 1698 789 1727 raptori
810 1698 913 1720 abduxit
932 1698 974 1720 sed
993 1704 1038 1720 sua
1057 1698 1148 1727 praeda
1167 1697 1251 1726 pedes.

629 1747 685 1768 ergo
705 1741 757 1763 suis
777 1741 874 1770 laqueis
894 1741 975 1770 eoepit
994 1740 1069 1763 miser
1089 1747 1142 1762 esse
1162 1740 1265 1768 ligatus:

697 1786 799 1806 venerat
818 1786 846 1806 ut
868 1785 974 1813 caperet,
996 1785 1082 1812 eaptus
1102 1785 1126 1804 at
1146 1783 1199 1811 ipse
1218 1783 1279 1811 fuit3

628 1832 673 1848 1166
691 1827 777 1854 tetigit
796 1829 918 1855 mustum,
941 1825 984 1848 sed
1002 1826 1087 1854 iniqua
1106 1828 1191 1848 mente
1211 1827 1319 1847 rotatur:

697 1871 769 1891 311163
789 1876 865 1897 quam
886 1869 988 1897 biberet,
1010 1868 1077 1890 ebria
1095 1868 1167 1890 turba
1186 1869 1258 1890 iacet..

628 1912 725 1941 incepit
744 1918 841 1934 servare
861 1912 938 1939 tnagis
957 1918 1030 1940 (1113111
1049 1912 1113 1933 ferre
1133 1917 1240 1933 racemos

697 1957 722 1976 et
740 1954 812 1976 datus
832 1957 870 1976 est
891 1957 973 1976 custos
992 1955 1035 1983 qui
1055 1954 1124 1982 eupit
1144 1960 1198 1975 0556
1218 1959 1302 1982 rapas,

627 1997 710 2026 donec,
733 2000 825 2025 sancte,
848 1997 899 2019 tuis
919 1997 1000 2019 verbis
1019 1997 1134 2018 iussisses
1155 1996 1236 2025 abire5

698 2042 726 2062 01
747 2040 842 2061 furtum
864 2040 980 2068 inpleret,
1003 2039 1088 2061 doctus
1108 2040 1138 2061 ab
1159 2039 1229 2061 hoste
1248 2038 1321 2060 redit.

235 2092 266 2115 225
285 2105 319 2109 —
337 2099 360 2120 p.
385 2091 426 2121 70,
446 2092 462 2114 l.
488 2091 517 2114 12
538 2092 639 2114 Fortun.
661 2098 735 2113 carm.
760 2091 794 2120 II,
817 2092 857 2119 16,
880 2093 927 2113 49:

629 2134 780 2156 Tintinnum
799 2134 862 2163 rapit
881 2134 945 2156 31161·
964 2134 1042 2162 inops,
1066 2134 1143 2161 magis
1164 2133 1283 2161 inprobus
1302 2132 1354 2161 ille,

697 2177 740 2206 qui
760 2177 931 2199 iumentorum
950 2176 1011 2199 colla
1030 2178 1115 2198 tenere
1136 2176 1207 2203 solet,

238 2313 246 2337 l
269 2312 317 2346 IV]
336 2314 358 2336 V
378 2313 412 2342 M,
434 2316 455 2336 et
475 2315 508 2336 sic
527 2313 638 2342 deinceps
771 2311 839 2344 ergo]
859 2316 887 2335 ut
905 2312 961 2335 (1(111.
980 2312 1023 2340 ΟΡ
1146 2312 1245 2334 fructu*
1267 2310 1295 2332 M
1414 2310 1605 2332 mitescentibus
1624 2309 1715 2331 brumis
1737 2308 1765 2336 0,

149 2358 212 2380 botri
231 2364 289 2380 suco
308 2357 329 2379 P
433 2357 559 2380 uan'cante
574 2356 609 2386 M,
630 2363 676 2378 om.
694 2356 715 2378 P
818 2355 832 2378 2
853 2356 1010 2384 ubertasmuae,
1032 2362 1080 2377 ms.
1097 2355 1139 2377 obs
1154 2354 1180 2376 M
1283 2353 1384 2382 gratian]
1403 2352 1446 2380 ΟΡ
1550 2352 1563 2373 3
1584 2352 1716 2374 diuersitas
1733 2351 1766 2373 Ml

149 2400 164 2423 4
182 2400 281 2423 blandis
300 2400 414 2429 operibus
433 2400 504 2422 bonis
526 2399 553 2421 Μ
679 2399 692 2421 5
712 2401 823 2428 expesst
843 2397 870 2420 M
991 2400 1121 2420 temerator
1140 2397 1228 2426 iuripit
1251 2396 1277 2425 (5¹)
1302 2397 1321 2425 Ο
1448 2395 1462 2417 G
1482 2396 1595 2424 patentia
1614 2392 1694 2425 septa]
1716 2394 1765 2422 ΟΡ.

149 2444 259 2474 patentia
278 2442 315 2465 Ml
438 2440 581 2474 effrangire]
600 2443 696 2464 auferre
717 2442 736 2470 Q
868 2441 881 2464 7
902 2441 982 2463 ualuit
1002 2440 1029 2462 M
1148 2441 1174 2462 111
1195 2437 1332 2470 posterum]
1353 2446 1398 2461 om.
1417 2438 1436 2465 Ο
1564 2436 1578 2459 S
1599 2438 1704 2459 fructum
1726 2436 1765 2464 13¹,

149 2487 231 2509 fructu
254 2484 293 2514 02,
316 2487 381 2508 furto
401 2485 422 2507 P
571 2485 688 2508 habetum
708 2484 757 2514 Ml,
780 2484 875 2507 abitum
898 2482 945 2511 ³1⁶2,
968 2484 1080 2506 auditum
1099 2489 1184 2505 e÷rore
1203 2483 1300 2504 aebrius
1322 2481 1351 2509 Ql
1503 2482 1518 2503 9
1538 2482 1574 2503 sas
1592 2493 1625 2496 —
1643 2477 1767 2510 ambebntj

150 2531 246 2558 poterat
264 2529 328 2558 quod
347 2529 448 2551 tenebat
469 2527 488 2555 Q
605 2525 681 2559 inibi]
700 2534 746 2550 om.
765 2526 784 2554 O
910 2526 938 2549 10
957 2529 1067 2549 occurret
1087 2525 1117 2553 Ol
1235 2526 1283 2547 iam
1303 2531 1346 2546 sua
1366 2523 1386 2551 Q
1512 2522 1537 2545 ll
1560 2523 1675 2545 uinxerat
1695 2525 1768 2550 atque

150 2572 222 2594 illum
240 2573 335 2594 mutato
356 2570 375 2598 Q
492 2571 569 2594 alium
588 2571 610 2592 P
736 2569 765 2593 12
785 2568 884 2601 adeum]
905 2568 949 2597 Ml,
971 2569 1029 2592 adeo
1048 2569 1101 2591 rell.
1220 2568 1255 2589 rei
1276 2568 1356 2589 saeuit
1377 2566 1495 2595 (sewun,
1516 2573 1563 2589 ras.
1586 2566 1611 2588 10
1632 2563 1683 2595 11)]
1705 2567 1729 2586 01
1750 2564 1769 2592 Q

152 2613 181 2637 13
201 2615 242 2637 illo
264 2614 284 2642 Q
400 2613 430 2636 15
449 2612 593 2645 percellire]
614 2613 659 2642 Ml,
681 2613 823 2643 percellm*
844 2612 883 2641 Ol,
906 2612 1008 2641 percelli
1028 2612 1079 2634 rell.
1200 2610 1228 2633 11}
1247 2610 1324 2632 ditata
1343 2608 1363 2636 O
1468 2606 1606 2639 surauerat]
1626 2607 1682 2635 ΜΨ,
1705 2607 1769 2629 fura-

150 2660 191 2680 tus
210 2659 262 2680 erat
280 2656 302 2679 P
404 2654 501 2680 costodi
522 2657 542 2685 Q
658 2655 687 2679 18
707 2656 816 2679 sublatae
837 2653 908 2686 apes]
928 2662 974 2677 orn.
992 2656 1011 2681 Q
1115 2654 1272 2682 relinquebat
1291 2659 1337 2674 non
1358 2652 1437 2674 furem
1458 2651 1565 2674 custodit
1583 2654 1640 2673 ante
1660 2656 1769 2679 soporem

151 2699 194 2723 sed
209 2699 229 2727 Q
336 2698 365 2723 19
385 2699 480 2722 (litante
493 2706 577 2728 sopore
592 2698 619 2721 Μ
713 2705 864 2728 persequens
879 2696 911 2725 0²
1016 2696 1047 2719 20
1066 2697 1189 2719 immerita
1204 2695 1233 2722 0¹
1339 2694 1367 2717 21
1389 2693 1431 2725 ex]
1450 2695 1476 2716 111
1493 2693 1512 2721 Ο
1609 2691 1673 2723 ipsa]
1686 2699 1732 2715 om.
1751 2692 1770 2720 O

151 2741 182 2766 23
203 2740 249 2774 VI]
268 2743 291 2765 V
310 2745 331 2765 et
350 2743 383 2765 sic
402 2741 512 2770 deinceps
534 2742 556 2764 P
659 2741 690 2764 24
710 2742 798 2764 itinere
820 2739 852 2768 Οἳ
957 2742 1018 2769 capsi
1039 2738 1069 2768 ΟΞ
1175 2738 1252 2761 cali-la
1274 2737 1303 2765 (Η

1783 211 1823 241 lV

1788 1329 1829 1359 Vl
