<?xml version="1.0" encoding="UTF-8"?>
<!DOCTYPE html PUBLIC "-//W3C//DTD XHTML 1.0 Transitional//EN"
    "http://www.w3.org/TR/xhtml1/DTD/xhtml1-transitional.dtd">
<html xmlns="http://www.w3.org/1999/xhtml" xml:lang="en" lang="en">
 <head>
  <title>
</title>
<meta http-equiv="Content-Type" content="text/html;charset=utf-8" />
  <meta name='ocr-system' content='tesseract 3.04.00' />
  <meta name='ocr-capabilities' content='ocr_page ocr_carea ocr_par ocr_line ocrx_word'/>
</head>
<body>
  <div class='ocr_page' id='page_1' title='image "./monumentagermani04geseuoft/monumentagermani04geseuoft_0557.png"; bbox 0 0 2038 3036; ppageno 0'>
   <div class='ocr_carea' id='block_1_1' title="bbox 732 106 1754 138">
    <p class='ocr_par' dir='ltr' id='par_1_1' title="bbox 732 106 1754 138">
     <span class='ocr_line' id='line_1_1' title="bbox 732 106 1754 138; baseline 0.006 -6"><span class='ocrx_word' id='word_1_1' title='bbox 732 106 823 132; x_wconf 73' lang='lat' dir='ltr'>VITA</span> <span class='ocrx_word' id='word_1_2' title='bbox 843 106 977 133; x_wconf 80' lang='lat' dir='ltr'><strong>sANCTI</strong></span> <span class='ocrx_word' id='word_1_3' title='bbox 995 106 1168 133; x_wconf 87' lang='lat' dir='ltr'><strong>AMANTII.</strong></span> <span class='ocrx_word' id='word_1_4' title='bbox 1718 111 1754 138; x_wconf 78' lang='lat'><strong>57</strong></span> 
     </span>
    </p>
   </div>
   <div class='ocr_carea' id='block_1_2' title="bbox 142 198 1761 394">
    <p class='ocr_par' dir='ltr' id='par_1_2' title="bbox 142 198 1761 394">
     <span class='ocr_line' id='line_1_2' title="bbox 143 198 1758 240; baseline 0.001 -10"><span class='ocrx_word' id='word_1_5' title='bbox 143 198 280 230; x_wconf 88' lang='lat' dir='ltr'><strong>nubibus</strong></span> <span class='ocrx_word' id='word_1_6' title='bbox 315 198 383 230; x_wconf 88' lang='lat' dir='ltr'><strong>dies</strong></span> <span class='ocrx_word' id='word_1_7' title='bbox 417 208 490 229; x_wconf 89' lang='lat' dir='ltr'><strong>mox</strong></span> <span class='ocrx_word' id='word_1_8' title='bbox 522 198 649 229; x_wconf 85' lang='lat' dir='ltr'><strong>diabolo</strong></span> <span class='ocrx_word' id='word_1_9' title='bbox 681 199 810 230; x_wconf 83' lang='lat' dir='ltr'><strong>exitium</strong></span> <span class='ocrx_word' id='word_1_10' title='bbox 842 200 963 239; x_wconf 57' lang='lat' dir='ltr'><strong>ferensy</strong></span> <span class='ocrx_word' id='word_1_11' title='bbox 1002 201 1134 231; x_wconf 77' lang='lat' dir='ltr'><strong>terribili</strong></span> <span class='ocrx_word' id='word_1_12' title='bbox 1165 211 1290 240; x_wconf 89' lang='lat' dir='ltr'><strong>nanque</strong></span> <span class='ocrx_word' id='word_1_13' title='bbox 1321 201 1422 232; x_wconf 89' lang='lat' dir='ltr'><strong>sonitu</strong></span> <span class='ocrx_word' id='word_1_14' title='bbox 1454 201 1573 231; x_wconf 89' lang='lat' dir='ltr'><strong>fulmen</strong></span> <span class='ocrx_word' id='word_1_15' title='bbox 1604 201 1758 240; x_wconf 82' lang='lat' dir='ltr'><strong>increpuit</strong></span> 
     </span>
     <span class='ocr_line' id='line_1_3' title="bbox 144 248 1759 292; baseline 0.001 -11"><span class='ocrx_word' id='word_1_16' title='bbox 144 249 325 290; x_wconf 80' lang='lat' dir='ltr'><strong>pariterque</strong></span> <span class='ocrx_word' id='word_1_17' title='bbox 356 248 468 280; x_wconf 79' lang='lat' dir='ltr'><strong>infelix</strong></span> <span class='ocrx_word' id='word_1_18' title='bbox 493 249 714 280; x_wconf 79' lang='lat' dir='ltr'><strong>simulachrum</strong></span> <span class='ocrx_word' id='word_1_19' title='bbox 740 250 826 288; x_wconf 81' lang='lat' dir='ltr'><strong>ferit⁷</strong></span> <span class='ocrx_word' id='word_1_20' title='bbox 862 251 976 281; x_wconf 87' lang='lat' dir='ltr'><strong>dividit</strong></span> <span class='ocrx_word' id='word_1_21' title='bbox 998 251 1225 291; x_wconf 85' lang='lat' dir='ltr'><strong>dispergitque.</strong></span> <span class='ocrx_word' id='word_1_22' title='bbox 1278 253 1338 292; x_wconf 74' lang='lat'>(19)</span> <span class='ocrx_word' id='word_1_23' title='bbox 1367 252 1478 283; x_wconf 81' lang='lat' dir='ltr'><strong>Fertur</strong></span> <span class='ocrx_word' id='word_1_24' title='bbox 1501 262 1556 292; x_wconf 88' lang='lat' dir='ltr'><strong>per</strong></span> <span class='ocrx_word' id='word_1_25' title='bbox 1579 262 1654 283; x_wconf 86' lang='lat' dir='ltr'><strong>aera</strong></span> <span class='ocrx_word' id='word_1_26' title='bbox 1678 252 1759 292; x_wconf 87' lang='lat' dir='ltr'><strong>lapi-</strong></span> 
     </span>
     <span class='ocr_line' id='line_1_4' title="bbox 143 300 1761 344; baseline 0.001 -13"><span class='ocrx_word' id='word_1_27' title='bbox 143 301 237 332; x_wconf 88' lang='lat' dir='ltr'><strong>deum</strong></span> <span class='ocrx_word' id='word_1_28' title='bbox 267 300 493 340; x_wconf 85' lang='lat' dir='ltr'><strong>sacrilegorum</strong></span> <span class='ocrx_word' id='word_1_29' title='bbox 525 309 658 330; x_wconf 84' lang='lat' dir='ltr'><strong>numen:</strong></span> <span class='ocrx_word' id='word_1_30' title='bbox 693 300 777 339; x_wconf 87' lang='lat' dir='ltr'><strong>quod</strong></span> <span class='ocrx_word' id='word_1_31' title='bbox 808 301 852 332; x_wconf 89' lang='lat' dir='ltr'><strong>ita</strong></span> <span class='ocrx_word' id='word_1_32' title='bbox 883 301 1041 332; x_wconf 84' lang='lat' dir='ltr'><strong>diversam</strong></span> <span class='ocrx_word' id='word_1_33' title='bbox 1065 302 1097 332; x_wconf 89' lang='lat' dir='ltr'><strong>in</strong></span> <span class='ocrx_word' id='word_1_34' title='bbox 1120 306 1241 343; x_wconf 88' lang='lat' dir='ltr'><strong>partem</strong></span> <span class='ocrx_word' id='word_1_35' title='bbox 1266 303 1386 334; x_wconf 87' lang='lat' dir='ltr'><strong>ultricis</strong></span> <span class='ocrx_word' id='word_1_36' title='bbox 1410 303 1568 344; x_wconf 79' lang='lat' dir='ltr'><strong>procellae</strong></span> <span class='ocrx_word' id='word_1_37' title='bbox 1591 303 1681 333; x_wconf 88' lang='lat' dir='ltr'><strong>turbo</strong></span> <span class='ocrx_word' id='word_1_38' title='bbox 1705 303 1761 333; x_wconf 86' lang='lat' dir='ltr'><strong>dc-</strong></span> 
     </span>
     <span class='ocr_line' id='line_1_5' title="bbox 142 350 1761 394; baseline 0.002 -12"><span class='ocrx_word' id='word_1_39' title='bbox 142 351 232 390; x_wconf 74' lang='lat' dir='ltr'><strong>iecit,</strong></span> <span class='ocrx_word' id='word_1_40' title='bbox 266 355 301 382; x_wconf 90' lang='lat' dir='ltr'><strong>ut</strong></span> <span class='ocrx_word' id='word_1_41' title='bbox 328 354 448 392; x_wconf 84' lang='lat' dir='ltr'><strong>partem</strong></span> <span class='ocrx_word' id='word_1_42' title='bbox 480 360 562 381; x_wconf 90' lang='lat' dir='ltr'><strong>nunc</strong></span> <span class='ocrx_word' id='word_1_43' title='bbox 591 350 659 381; x_wconf 88' lang='lat' dir='ltr'><strong>eius</strong></span> <span class='ocrx_word' id='word_1_44' title='bbox 684 351 844 382; x_wconf 88' lang='lat' dir='ltr'><strong>Lauterna</strong></span> <span class='ocrx_word' id='word_1_45' title='bbox 867 355 973 383; x_wconf 89' lang='lat' dir='ltr'><strong>teneat</strong></span> <span class='ocrx_word' id='word_1_46' title='bbox 997 353 1097 391; x_wconf 69' lang='lat' dir='ltr'><strong>rivus7</strong></span> <span class='ocrx_word' id='word_1_47' title='bbox 1134 357 1258 393; x_wconf 86' lang='lat' dir='ltr'><strong>partem</strong></span> <span class='ocrx_word' id='word_1_48' title='bbox 1280 354 1446 385; x_wconf 84' lang='lat' dir='ltr'><strong>Avarionis</strong></span> <span class='ocrx_word' id='word_1_49' title='bbox 1470 354 1588 385; x_wconf 87' lang='lat' dir='ltr'><strong>habeat</strong></span> <span class='ocrx_word' id='word_1_50' title='bbox 1611 354 1678 394; x_wconf 88' lang='lat' dir='ltr'><strong>ripa</strong></span> <span class='ocrx_word' id='word_1_51' title='bbox 1701 353 1761 385; x_wconf 87' lang='lat' dir='ltr'><strong>flu-</strong></span> 
     </span>
    </p>
   </div>
   <div class='ocr_carea' id='block_1_3' title="bbox 110 401 1760 446">
    <p class='ocr_par' dir='ltr' id='par_1_3' title="bbox 110 401 1760 446">
     <span class='ocr_line' id='line_1_6' title="bbox 110 401 1760 446; baseline 0.003 -15"><span class='ocrx_word' id='word_1_52' title='bbox 110 414 122 431; x_wconf 82' lang='lat'>5</span> <span class='ocrx_word' id='word_1_53' title='bbox 143 402 236 433; x_wconf 84' lang='lat' dir='ltr'><strong>minis</strong></span> <span class='ocrx_word' id='word_1_54' title='bbox 267 402 299 432; x_wconf 91' lang='lat' dir='ltr'><strong>in</strong></span> <span class='ocrx_word' id='word_1_55' title='bbox 330 401 544 433; x_wconf 86' lang='lat' dir='ltr'><strong>testimonium</strong></span> <span class='ocrx_word' id='word_1_56' title='bbox 574 402 697 432; x_wconf 85' lang='lat' dir='ltr'><strong>virtutis</strong></span> <span class='ocrx_word' id='word_1_57' title='bbox 727 406 877 442; x_wconf 87' lang='lat' dir='ltr'><strong>perpetuo</strong></span> <span class='ocrx_word' id='word_1_58' title='bbox 909 407 1083 434; x_wconf 82' lang='lat' dir='ltr'><strong>servatura.</strong></span> <span class='ocrx_word' id='word_1_59' title='bbox 1132 405 1257 435; x_wconf 88' lang='lat' dir='ltr'><strong>Partem</strong></span> <span class='ocrx_word' id='word_1_60' title='bbox 1281 405 1320 435; x_wconf 86' lang='lat' dir='ltr'><strong>ab</strong></span> <span class='ocrx_word' id='word_1_61' title='bbox 1345 405 1421 436; x_wconf 89' lang='lat' dir='ltr'><strong>urbe</strong></span> <span class='ocrx_word' id='word_1_62' title='bbox 1445 405 1552 445; x_wconf 88' lang='lat' dir='ltr'><strong>procul</strong></span> <span class='ocrx_word' id='word_1_63' title='bbox 1576 409 1687 446; x_wconf 89' lang='lat' dir='ltr'><strong>patens</strong></span> <span class='ocrx_word' id='word_1_64' title='bbox 1711 415 1760 436; x_wconf 91' lang='lat' dir='ltr'><strong>re-</strong></span> 
     </span>
    </p>
   </div>
   <div class='ocr_carea' id='block_1_4' title="bbox 94 667 121 686">
    <p class='ocr_par' dir='ltr' id='par_1_4' title="bbox 94 667 121 686">
     <span class='ocr_line' id='line_1_7' title="bbox 94 667 121 686; baseline 0 0"><span class='ocrx_word' id='word_1_65' title='bbox 94 667 121 686; x_wconf 87' lang='lat'><strong>10</strong></span> 
     </span>
    </p>
   </div>
   <div class='ocr_carea' id='block_1_5' title="bbox 94 922 122 941">
    <p class='ocr_par' dir='ltr' id='par_1_5' title="bbox 94 922 122 941">
     <span class='ocr_line' id='line_1_8' title="bbox 94 922 122 941; baseline 0 0"><span class='ocrx_word' id='word_1_66' title='bbox 94 922 122 941; x_wconf 84' lang='lat'><strong>15</strong></span> 
     </span>
    </p>
   </div>
   <div class='ocr_carea' id='block_1_6' title="bbox 92 1178 121 1198">
    <p class='ocr_par' dir='ltr' id='par_1_6' title="bbox 92 1178 121 1198">
     <span class='ocr_line' id='line_1_9' title="bbox 92 1178 121 1198; baseline -0.034 0"><span class='ocrx_word' id='word_1_67' title='bbox 92 1178 121 1198; x_wconf 85' lang='lat'><strong>20</strong></span> 
     </span>
    </p>
   </div>
   <div class='ocr_carea' id='block_1_7' title="bbox 94 1435 106 1454">
    <p class='ocr_par' dir='ltr' id='par_1_7' title="bbox 94 1435 106 1454">
     <span class='ocr_line' id='line_1_10' title="bbox 94 1435 106 1454; textangle 90"><span class='ocrx_word' id='word_1_68' title='bbox 94 1435 106 1454; x_wconf 57' lang='grc' dir='ltr'>Ιῦ</span> 
     </span>
    </p>
   </div>
   <div class='ocr_carea' id='block_1_8' title="bbox 92 1691 122 1709">
    <p class='ocr_par' dir='ltr' id='par_1_8' title="bbox 92 1691 122 1709">
     <span class='ocr_line' id='line_1_11' title="bbox 92 1691 122 1709; baseline 0 0"><span class='ocrx_word' id='word_1_69' title='bbox 92 1691 122 1709; x_wconf 79' lang='grc'><strong>30</strong></span> 
     </span>
    </p>
   </div>
   <div class='ocr_carea' id='block_1_9' title="bbox 93 1947 124 1965">
    <p class='ocr_par' dir='ltr' id='par_1_9' title="bbox 93 1947 124 1965">
     <span class='ocr_line' id='line_1_12' title="bbox 93 1947 124 1965; baseline 0 0"><span class='ocrx_word' id='word_1_70' title='bbox 93 1947 124 1965; x_wconf 82' lang='grc'><strong>35</strong></span> 
     </span>
    </p>
   </div>
   <div class='ocr_carea' id='block_1_10' title="bbox 141 452 1764 1413">
    <p class='ocr_par' dir='ltr' id='par_1_10' title="bbox 141 452 1764 1413">
     <span class='ocr_line' id='line_1_13' title="bbox 142 452 1760 496; baseline 0.001 -12"><span class='ocrx_word' id='word_1_71' title='bbox 142 453 222 484; x_wconf 87' lang='lat' dir='ltr'><strong>tinet</strong></span> <span class='ocrx_word' id='word_1_72' title='bbox 244 462 374 493; x_wconf 85' lang='lat' dir='ltr'><strong>campus</strong></span> <span class='ocrx_word' id='word_1_73' title='bbox 397 462 463 484; x_wconf 89' lang='lat' dir='ltr'><strong>rem</strong></span> <span class='ocrx_word' id='word_1_74' title='bbox 487 452 567 483; x_wconf 89' lang='lat' dir='ltr'><strong>tanti</strong></span> <span class='ocrx_word' id='word_1_75' title='bbox 590 452 734 483; x_wconf 76' lang='lat' dir='ltr'><strong>miraculi</strong></span> <span class='ocrx_word' id='word_1_76' title='bbox 759 453 878 484; x_wconf 77' lang='lat' dir='ltr'><strong>visibus</strong></span> <span class='ocrx_word' id='word_1_77' title='bbox 902 454 1068 494; x_wconf 62' lang='lat' dir='ltr'><strong>ingerens,</strong></span> <span class='ocrx_word' id='word_1_78' title='bbox 1099 455 1350 486; x_wconf 80' lang='lat' dir='ltr'><strong>ammirationem</strong></span> <span class='ocrx_word' id='word_1_79' title='bbox 1375 456 1542 496; x_wconf 85' lang='lat' dir='ltr'><strong>praebens.</strong></span> <span class='ocrx_word' id='word_1_80' title='bbox 1578 456 1760 487; x_wconf 84' lang='lat' dir='ltr'><strong>memoriam</strong></span> 
     </span>
     <span class='ocr_line' id='line_1_14' title="bbox 142 503 1760 546; baseline 0.001 -11"><span class='ocrx_word' id='word_1_81' title='bbox 142 507 398 545; x_wconf 85' lang='lat' dir='ltr'><strong>repraesentans.</strong></span> <span class='ocrx_word' id='word_1_82' title='bbox 460 504 518 542; x_wconf 74' lang='lat'>(20)</span> <span class='ocrx_word' id='word_1_83' title='bbox 547 503 659 542; x_wconf 89' lang='lat' dir='ltr'><strong>Itaque</strong></span> <span class='ocrx_word' id='word_1_84' title='bbox 692 503 801 535; x_wconf 90' lang='lat' dir='ltr'><strong>divina</strong></span> <span class='ocrx_word' id='word_1_85' title='bbox 832 505 1030 545; x_wconf 79' lang='lat' dir='ltr'><strong>providentia</strong></span> <span class='ocrx_word' id='word_1_86' title='bbox 1059 506 1204 536; x_wconf 84' lang='lat' dir='ltr'><strong>verberat</strong></span> <span class='ocrx_word' id='word_1_87' title='bbox 1233 506 1363 546; x_wconf 66' lang='lat' dir='ltr'><strong>impios7</strong></span> <span class='ocrx_word' id='word_1_88' title='bbox 1401 510 1435 537; x_wconf 87' lang='lat' dir='ltr'><strong>ut</strong></span> <span class='ocrx_word' id='word_1_89' title='bbox 1465 507 1589 538; x_wconf 85' lang='lat' dir='ltr'><strong>animae</strong></span> <span class='ocrx_word' id='word_1_90' title='bbox 1620 507 1760 538; x_wconf 86' lang='lat' dir='ltr'><strong>morbum</strong></span> 
     </span>
     <span class='ocr_line' id='line_1_15' title="bbox 144 554 1761 597; baseline 0.002 -11"><span class='ocrx_word' id='word_1_91' title='bbox 144 555 282 596; x_wconf 86' lang='lat' dir='ltr'><strong>corporis</strong></span> <span class='ocrx_word' id='word_1_92' title='bbox 306 554 514 586; x_wconf 87' lang='lat' dir='ltr'><strong>afflictatione</strong></span> <span class='ocrx_word' id='word_1_93' title='bbox 539 558 644 585; x_wconf 88' lang='lat' dir='ltr'><strong>sanet.</strong></span> <span class='ocrx_word' id='word_1_94' title='bbox 680 558 711 585; x_wconf 88' lang='lat' dir='ltr'><strong>et</strong></span> <span class='ocrx_word' id='word_1_95' title='bbox 734 555 773 586; x_wconf 91' lang='lat' dir='ltr'><strong>de</strong></span> <span class='ocrx_word' id='word_1_96' title='bbox 798 555 942 586; x_wconf 79' lang='lat' dir='ltr'><strong>adversis</strong></span> <span class='ocrx_word' id='word_1_97' title='bbox 966 556 1107 587; x_wconf 82' lang='lat' dir='ltr'><strong>remedia</strong></span> <span class='ocrx_word' id='word_1_98' title='bbox 1130 567 1325 597; x_wconf 85' lang='lat' dir='ltr'><strong>praeparans</strong></span> <span class='ocrx_word' id='word_1_99' title='bbox 1349 557 1484 588; x_wconf 86' lang='lat' dir='ltr'><strong>salutem</strong></span> <span class='ocrx_word' id='word_1_100' title='bbox 1508 558 1688 589; x_wconf 81' lang='lat' dir='ltr'><strong>infirmitate</strong></span> <span class='ocrx_word' id='word_1_101' title='bbox 1713 568 1761 589; x_wconf 88' lang='lat' dir='ltr'><strong>re-</strong></span> 
     </span>
     <span class='ocr_line' id='line_1_16' title="bbox 143 605 1763 648; baseline 0.001 -11"><span class='ocrx_word' id='word_1_102' title='bbox 143 606 259 645; x_wconf 76' lang='lat' dir='ltr'><strong>stituit,</strong></span> <span class='ocrx_word' id='word_1_103' title='bbox 294 606 430 645; x_wconf 90' lang='lat' dir='ltr'><strong>ideoque</strong></span> <span class='ocrx_word' id='word_1_104' title='bbox 462 605 651 645; x_wconf 77' lang='lat' dir='ltr'><strong>sacrilegam</strong></span> <span class='ocrx_word' id='word_1_105' title='bbox 682 606 807 646; x_wconf 85' lang='lat' dir='ltr'><strong>plebem</strong></span> <span class='ocrx_word' id='word_1_106' title='bbox 840 607 1011 646; x_wconf 65' lang='lat' dir='ltr'><strong>percussit⁷</strong></span> <span class='ocrx_word' id='word_1_107' title='bbox 1045 610 1079 637; x_wconf 90' lang='lat' dir='ltr'><strong>ut</strong></span> <span class='ocrx_word' id='word_1_108' title='bbox 1106 607 1254 647; x_wconf 83' lang='lat' dir='ltr'><strong>perderet</strong></span> <span class='ocrx_word' id='word_1_109' title='bbox 1277 618 1363 647; x_wconf 67' lang='lat' dir='ltr'><strong>eam7</strong></span> <span class='ocrx_word' id='word_1_110' title='bbox 1400 612 1431 639; x_wconf 90' lang='lat' dir='ltr'><strong>et</strong></span> <span class='ocrx_word' id='word_1_111' title='bbox 1454 608 1508 648; x_wconf 92' lang='lat' dir='ltr'><strong>pia</strong></span> <span class='ocrx_word' id='word_1_112' title='bbox 1530 619 1625 639; x_wconf 84' lang='lat' dir='ltr'><strong>manu</strong></span> <span class='ocrx_word' id='word_1_113' title='bbox 1649 608 1763 640; x_wconf 81' lang='lat' dir='ltr'><strong>inflixit</strong></span> 
     </span>
     <span class='ocr_line' id='line_1_17' title="bbox 142 656 1761 699; baseline 0.002 -11"><span class='ocrx_word' id='word_1_114' title='bbox 142 658 292 696; x_wconf 75' lang='lat' dir='ltr'><strong>vulnera,</strong></span> <span class='ocrx_word' id='word_1_115' title='bbox 328 667 366 688; x_wconf 92' lang='lat' dir='ltr'><strong>ne</strong></span> <span class='ocrx_word' id='word_1_116' title='bbox 396 657 500 697; x_wconf 83' lang='lat' dir='ltr'><strong>ipsam</strong></span> <span class='ocrx_word' id='word_1_117' title='bbox 532 656 668 696; x_wconf 87' lang='lat' dir='ltr'><strong>puniret.</strong></span> <span class='ocrx_word' id='word_1_118' title='bbox 733 658 789 695; x_wconf 59' lang='grc'><strong>&gt;21)</strong></span> <span class='ocrx_word' id='word_1_119' title='bbox 826 657 898 688; x_wconf 85' lang='lat' dir='ltr'><strong>Fuit</strong></span> <span class='ocrx_word' id='word_1_120' title='bbox 927 668 1002 697; x_wconf 79' lang='lat' dir='ltr'><strong>ergo</strong></span> <span class='ocrx_word' id='word_1_121' title='bbox 1032 668 1185 698; x_wconf 80' lang='lat' dir='ltr'><strong>praesens</strong></span> <span class='ocrx_word' id='word_1_122' title='bbox 1214 668 1316 699; x_wconf 88' lang='lat' dir='ltr'><strong>paena</strong></span> <span class='ocrx_word' id='word_1_123' title='bbox 1347 669 1409 689; x_wconf 91' lang='lat' dir='ltr'><strong>non</strong></span> <span class='ocrx_word' id='word_1_124' title='bbox 1438 659 1515 690; x_wconf 84' lang='lat' dir='ltr'><strong>ultio</strong></span> <span class='ocrx_word' id='word_1_125' title='bbox 1546 660 1675 691; x_wconf 86' lang='lat' dir='ltr'><strong>sceleris</strong></span> <span class='ocrx_word' id='word_1_126' title='bbox 1705 661 1761 691; x_wconf 86' lang='lat' dir='ltr'><strong>sed</strong></span> 
     </span>
     <span class='ocr_line' id='line_1_18' title="bbox 142 707 1762 749; baseline 0.002 -10"><span class='ocrx_word' id='word_1_127' title='bbox 142 708 269 739; x_wconf 86' lang='lat' dir='ltr'><strong>medela</strong></span> <span class='ocrx_word' id='word_1_128' title='bbox 307 708 445 749; x_wconf 71' lang='lat' dir='ltr'><strong>peccati,</strong></span> <span class='ocrx_word' id='word_1_129' title='bbox 485 717 567 747; x_wconf 88' lang='lat' dir='ltr'><strong>quae</strong></span> <span class='ocrx_word' id='word_1_130' title='bbox 602 707 773 748; x_wconf 84' lang='lat' dir='ltr'><strong>perimeret</strong></span> <span class='ocrx_word' id='word_1_131' title='bbox 808 712 990 748; x_wconf 79' lang='lat' dir='ltr'><strong>peccatum,</strong></span> <span class='ocrx_word' id='word_1_132' title='bbox 1030 712 1188 740; x_wconf 83' lang='lat' dir='ltr'><strong>coerceret</strong></span> <span class='ocrx_word' id='word_1_133' title='bbox 1222 712 1433 749; x_wconf 88' lang='lat' dir='ltr'><strong>peccatorem:</strong></span> <span class='ocrx_word' id='word_1_134' title='bbox 1477 710 1611 741; x_wconf 78' lang='lat' dir='ltr'><strong>extinxit</strong></span> <span class='ocrx_word' id='word_1_135' title='bbox 1645 711 1762 742; x_wconf 88' lang='lat' dir='ltr'><strong>crimen</strong></span> 
     </span>
     <span class='ocr_line' id='line_1_19' title="bbox 142 758 1762 801; baseline 0.001 -11"><span class='ocrx_word' id='word_1_136' title='bbox 142 762 271 791; x_wconf 86' lang='lat' dir='ltr'><strong>auctore</strong></span> <span class='ocrx_word' id='word_1_137' title='bbox 296 762 420 790; x_wconf 80' lang='lat' dir='ltr'><strong>servato</strong></span> <span class='ocrx_word' id='word_1_138' title='bbox 444 759 618 797; x_wconf 85' lang='lat' dir='ltr'><strong>obortaque</strong></span> <span class='ocrx_word' id='word_1_139' title='bbox 642 758 736 789; x_wconf 87' lang='lat' dir='ltr'><strong>simul</strong></span> <span class='ocrx_word' id='word_1_140' title='bbox 761 762 809 789; x_wconf 83' lang='lat' dir='ltr'><strong>est</strong></span> <span class='ocrx_word' id='word_1_141' title='bbox 832 769 870 789; x_wconf 90' lang='lat' dir='ltr'><strong>ex</strong></span> <span class='ocrx_word' id='word_1_142' title='bbox 892 759 998 790; x_wconf 89' lang='lat' dir='ltr'><strong>dolore</strong></span> <span class='ocrx_word' id='word_1_143' title='bbox 1017 760 1114 793; x_wconf 74' lang='lat' dir='ltr'><strong>salus,</strong></span> <span class='ocrx_word' id='word_1_144' title='bbox 1142 770 1181 790; x_wconf 88' lang='lat' dir='ltr'><strong>ex</strong></span> <span class='ocrx_word' id='word_1_145' title='bbox 1198 760 1244 790; x_wconf 90' lang='lat' dir='ltr'><strong>ira</strong></span> <span class='ocrx_word' id='word_1_146' title='bbox 1260 760 1404 791; x_wconf 86' lang='lat' dir='ltr'><strong>remissio</strong></span> <span class='ocrx_word' id='word_1_147' title='bbox 1421 761 1540 791; x_wconf 84' lang='lat' dir='ltr'><strong>mult-is.</strong></span> <span class='ocrx_word' id='word_1_148' title='bbox 1593 762 1652 801; x_wconf 43' lang='grc' dir='ltr'><strong>Κ22)</strong></span> <span class='ocrx_word' id='word_1_149' title='bbox 1680 762 1762 793; x_wconf 87' lang='lat' dir='ltr'><strong>Nam</strong></span> 
     </span>
     <span class='ocr_line' id='line_1_20' title="bbox 143 809 1762 851; baseline 0.001 -10"><span class='ocrx_word' id='word_1_150' title='bbox 143 814 177 841; x_wconf 91' lang='lat' dir='ltr'><strong>ut</strong></span> <span class='ocrx_word' id='word_1_151' title='bbox 207 810 431 841; x_wconf 81' lang='lat' dir='ltr'><strong>simulachrum</strong></span> <span class='ocrx_word' id='word_1_152' title='bbox 463 809 596 840; x_wconf 87' lang='lat' dir='ltr'><strong>fulmine</strong></span> <span class='ocrx_word' id='word_1_153' title='bbox 628 809 723 840; x_wconf 83' lang='lat' dir='ltr'><strong>ictum</strong></span> <span class='ocrx_word' id='word_1_154' title='bbox 753 809 908 849; x_wconf 70' lang='lat' dir='ltr'><strong>dissiluit7</strong></span> <span class='ocrx_word' id='word_1_155' title='bbox 944 810 1048 841; x_wconf 87' lang='lat' dir='ltr'><strong>statim</strong></span> <span class='ocrx_word' id='word_1_156' title='bbox 1074 810 1188 849; x_wconf 87' lang='lat' dir='ltr'><strong>quibus</strong></span> <span class='ocrx_word' id='word_1_157' title='bbox 1211 810 1312 841; x_wconf 85' lang='lat' dir='ltr'><strong>inerat</strong></span> <span class='ocrx_word' id='word_1_158' title='bbox 1334 811 1506 842; x_wconf 89' lang='lat' dir='ltr'><strong>iuventutis</strong></span> <span class='ocrx_word' id='word_1_159' title='bbox 1530 811 1624 842; x_wconf 88' lang='lat' dir='ltr'><strong>robur</strong></span> <span class='ocrx_word' id='word_1_160' title='bbox 1647 813 1762 851; x_wconf 85' lang='lat' dir='ltr'><strong>quique</strong></span> 
     </span>
     <span class='ocr_line' id='line_1_21' title="bbox 143 860 1762 900; baseline 0.001 -7"><span class='ocrx_word' id='word_1_161' title='bbox 143 861 182 893; x_wconf 84' lang='lat' dir='ltr'><strong>de</strong></span> <span class='ocrx_word' id='word_1_162' title='bbox 213 861 319 892; x_wconf 87' lang='lat' dir='ltr'><strong>media</strong></span> <span class='ocrx_word' id='word_1_163' title='bbox 348 864 437 892; x_wconf 86' lang='lat' dir='ltr'><strong>nocte</strong></span> <span class='ocrx_word' id='word_1_164' title='bbox 467 861 643 900; x_wconf 81' lang='lat' dir='ltr'><strong>vergebant</strong></span> <span class='ocrx_word' id='word_1_165' title='bbox 673 861 705 891; x_wconf 90' lang='lat' dir='ltr'><strong>in</strong></span> <span class='ocrx_word' id='word_1_166' title='bbox 736 860 858 891; x_wconf 87' lang='lat' dir='ltr'><strong>senium</strong></span> <span class='ocrx_word' id='word_1_167' title='bbox 890 861 1000 892; x_wconf 77' lang='lat' dir='ltr'><strong>amlitu</strong></span> <span class='ocrx_word' id='word_1_168' title='bbox 1032 861 1187 892; x_wconf 84' lang='lat' dir='ltr'><strong>obstrusis</strong></span> <span class='ocrx_word' id='word_1_169' title='bbox 1218 861 1346 892; x_wconf 78' lang='lat' dir='ltr'><strong>auribus</strong></span> <span class='ocrx_word' id='word_1_170' title='bbox 1371 871 1510 892; x_wconf 85' lang='lat' dir='ltr'><strong>caruere.</strong></span> <span class='ocrx_word' id='word_1_171' title='bbox 1559 862 1666 893; x_wconf 87' lang='lat' dir='ltr'><strong>Iunior</strong></span> <span class='ocrx_word' id='word_1_172' title='bbox 1689 873 1762 894; x_wconf 77' lang='lat' dir='ltr'><strong>vero</strong></span> 
     </span>
     <span class='ocr_line' id='line_1_22' title="bbox 142 911 1764 953; baseline 0.001 -10"><span class='ocrx_word' id='word_1_173' title='bbox 142 913 310 953; x_wconf 85' lang='lat' dir='ltr'><strong>minusque</strong></span> <span class='ocrx_word' id='word_1_174' title='bbox 341 921 457 943; x_wconf 88' lang='lat' dir='ltr'><strong>nocens</strong></span> <span class='ocrx_word' id='word_1_175' title='bbox 487 915 576 943; x_wconf 87' lang='lat' dir='ltr'><strong>aetas</strong></span> <span class='ocrx_word' id='word_1_176' title='bbox 606 911 723 942; x_wconf 83' lang='lat' dir='ltr'><strong>mansit</strong></span> <span class='ocrx_word' id='word_1_177' title='bbox 754 911 936 945; x_wconf 76' lang='lat' dir='ltr'><strong>incolumis,</strong></span> <span class='ocrx_word' id='word_1_178' title='bbox 974 912 1030 943; x_wconf 84' lang='lat' dir='ltr'><strong>sed</strong></span> <span class='ocrx_word' id='word_1_179' title='bbox 1054 912 1085 942; x_wconf 90' lang='lat' dir='ltr'><strong>hi</strong></span> <span class='ocrx_word' id='word_1_180' title='bbox 1109 912 1222 952; x_wconf 86' lang='lat' dir='ltr'><strong>quibus</strong></span> <span class='ocrx_word' id='word_1_181' title='bbox 1245 912 1342 943; x_wconf 86' lang='lat' dir='ltr'><strong>altius</strong></span> <span class='ocrx_word' id='word_1_182' title='bbox 1366 913 1581 952; x_wconf 85' lang='lat' dir='ltr'><strong>serpentinum</strong></span> <span class='ocrx_word' id='word_1_183' title='bbox 1606 913 1690 944; x_wconf 80' lang='lat' dir='ltr'><strong>virus</strong></span> <span class='ocrx_word' id='word_1_184' title='bbox 1714 914 1764 945; x_wconf 91' lang='lat' dir='ltr'><strong>in—</strong></span> 
     </span>
     <span class='ocr_line' id='line_1_23' title="bbox 142 962 1764 1003; baseline 0.001 -9"><span class='ocrx_word' id='word_1_185' title='bbox 142 964 265 995; x_wconf 89' lang='lat' dir='ltr'><strong>oluerat</strong></span> <span class='ocrx_word' id='word_1_186' title='bbox 294 963 459 995; x_wconf 88' lang='lat' dir='ltr'><strong>feriuntur.</strong></span> <span class='ocrx_word' id='word_1_187' title='bbox 509 963 594 1000; x_wconf 83' lang='lat' dir='ltr'><strong>Quos</strong></span> <span class='ocrx_word' id='word_1_188' title='bbox 622 973 697 1003; x_wconf 84' lang='lat' dir='ltr'><strong>ergo</strong></span> <span class='ocrx_word' id='word_1_189' title='bbox 722 962 763 993; x_wconf 88' lang='lat' dir='ltr'><strong>ad</strong></span> <span class='ocrx_word' id='word_1_190' title='bbox 787 962 881 993; x_wconf 87' lang='lat' dir='ltr'><strong>fidem</strong></span> <span class='ocrx_word' id='word_1_191' title='bbox 906 962 1102 1003; x_wconf 89' lang='lat' dir='ltr'><strong>praedicatio</strong></span> <span class='ocrx_word' id='word_1_192' title='bbox 1127 966 1237 994; x_wconf 88' lang='lat' dir='ltr'><strong>sancta</strong></span> <span class='ocrx_word' id='word_1_193' title='bbox 1260 973 1322 994; x_wconf 91' lang='lat' dir='ltr'><strong>non</strong></span> <span class='ocrx_word' id='word_1_194' title='bbox 1344 967 1486 994; x_wconf 86' lang='lat' dir='ltr'><strong>moverat</strong></span> <span class='ocrx_word' id='word_1_195' title='bbox 1509 963 1644 1003; x_wconf 73' lang='lat' dir='ltr'><strong>insignis</strong></span> <span class='ocrx_word' id='word_1_196' title='bbox 1668 965 1764 996; x_wconf 83' lang='lat' dir='ltr'><strong>mira—</strong></span> 
     </span>
     <span class='ocr_line' id='line_1_24' title="bbox 143 1013 1763 1055; baseline 0 -9"><span class='ocrx_word' id='word_1_197' title='bbox 143 1015 207 1046; x_wconf 83' lang='lat' dir='ltr'><strong>culi</strong></span> <span class='ocrx_word' id='word_1_198' title='bbox 230 1015 329 1046; x_wconf 88' lang='lat' dir='ltr'><strong>virtus</strong></span> <span class='ocrx_word' id='word_1_199' title='bbox 353 1014 499 1055; x_wconf 88' lang='lat' dir='ltr'><strong>impellit.</strong></span> <span class='ocrx_word' id='word_1_200' title='bbox 552 1015 613 1053; x_wconf 75' lang='lat'><strong>(23)</strong></span> <span class='ocrx_word' id='word_1_201' title='bbox 642 1013 692 1044; x_wconf 85' lang='lat' dir='ltr'><strong>Ad</strong></span> <span class='ocrx_word' id='word_1_202' title='bbox 715 1013 937 1044; x_wconf 85' lang='lat' dir='ltr'><strong>beatissimum</strong></span> <span class='ocrx_word' id='word_1_203' title='bbox 961 1014 1078 1045; x_wconf 86' lang='lat' dir='ltr'><strong>etenim</strong></span> <span class='ocrx_word' id='word_1_204' title='bbox 1103 1014 1204 1045; x_wconf 88' lang='lat' dir='ltr'><strong>virum</strong></span> <span class='ocrx_word' id='word_1_205' title='bbox 1229 1018 1432 1052; x_wconf 72' lang='lat' dir='ltr'><strong>concurrunt,</strong></span> <span class='ocrx_word' id='word_1_206' title='bbox 1464 1014 1613 1046; x_wconf 87' lang='lat' dir='ltr'><strong>facinoris</strong></span> <span class='ocrx_word' id='word_1_207' title='bbox 1637 1016 1763 1047; x_wconf 88' lang='lat' dir='ltr'><strong>veniam</strong></span> 
     </span>
     <span class='ocr_line' id='line_1_25' title="bbox 142 1064 1763 1106; baseline 0 -9"><span class='ocrx_word' id='word_1_208' title='bbox 142 1069 296 1106; x_wconf 89' lang='lat' dir='ltr'><strong>expetunt</strong></span> <span class='ocrx_word' id='word_1_209' title='bbox 326 1069 356 1097; x_wconf 88' lang='lat' dir='ltr'><strong>et</strong></span> <span class='ocrx_word' id='word_1_210' title='bbox 386 1069 562 1104; x_wconf 74' lang='lat' dir='ltr'><strong>merentur7</strong></span> <span class='ocrx_word' id='word_1_211' title='bbox 599 1064 732 1096; x_wconf 85' lang='lat' dir='ltr'><strong>amissos</strong></span> <span class='ocrx_word' id='word_1_212' title='bbox 757 1068 903 1105; x_wconf 87' lang='lat' dir='ltr'><strong>repetunt</strong></span> <span class='ocrx_word' id='word_1_213' title='bbox 927 1074 1040 1096; x_wconf 88' lang='lat' dir='ltr'><strong>sensus</strong></span> <span class='ocrx_word' id='word_1_214' title='bbox 1065 1069 1160 1105; x_wconf 84' lang='lat' dir='ltr'><strong>atque</strong></span> <span class='ocrx_word' id='word_1_215' title='bbox 1184 1065 1377 1106; x_wconf 73' lang='lat' dir='ltr'><strong>percipiunt,</strong></span> <span class='ocrx_word' id='word_1_216' title='bbox 1414 1066 1553 1097; x_wconf 85' lang='lat' dir='ltr'><strong>sentiunt</strong></span> <span class='ocrx_word' id='word_1_217' title='bbox 1576 1067 1645 1097; x_wconf 87' lang='lat' dir='ltr'><strong>sani</strong></span> <span class='ocrx_word' id='word_1_218' title='bbox 1669 1067 1763 1097; x_wconf 81' lang='lat' dir='ltr'><strong>fontis</strong></span> 
     </span>
     <span class='ocr_line' id='line_1_26' title="bbox 142 1116 1763 1156; baseline 0.001 -9"><span class='ocrx_word' id='word_1_219' title='bbox 142 1116 261 1147; x_wconf 88' lang='lat' dir='ltr'><strong>fluenta</strong></span> <span class='ocrx_word' id='word_1_220' title='bbox 285 1120 315 1148; x_wconf 90' lang='lat' dir='ltr'><strong>et</strong></span> <span class='ocrx_word' id='word_1_221' title='bbox 338 1117 498 1147; x_wconf 86' lang='lat' dir='ltr'><strong>hauriunt.</strong></span> <span class='ocrx_word' id='word_1_222' title='bbox 546 1116 703 1147; x_wconf 81' lang='lat' dir='ltr'><strong>Discessit</strong></span> <span class='ocrx_word' id='word_1_223' title='bbox 726 1126 801 1156; x_wconf 86' lang='lat' dir='ltr'><strong>ergo</strong></span> <span class='ocrx_word' id='word_1_224' title='bbox 825 1116 941 1146; x_wconf 89' lang='lat' dir='ltr'><strong>vulnus</strong></span> <span class='ocrx_word' id='word_1_225' title='bbox 964 1116 1104 1155; x_wconf 76' lang='lat' dir='ltr'><strong>illatum,</strong></span> <span class='ocrx_word' id='word_1_226' title='bbox 1133 1119 1260 1147; x_wconf 88' lang='lat' dir='ltr'><strong>curatur</strong></span> <span class='ocrx_word' id='word_1_227' title='bbox 1283 1117 1444 1147; x_wconf 75' lang='lat' dir='ltr'><strong>inventum</strong></span> <span class='ocrx_word' id='word_1_228' title='bbox 1468 1127 1525 1148; x_wconf 89' lang='lat' dir='ltr'><strong>nec</strong></span> <span class='ocrx_word' id='word_1_229' title='bbox 1549 1117 1631 1148; x_wconf 82' lang='lat' dir='ltr'><strong>ultra</strong></span> <span class='ocrx_word' id='word_1_230' title='bbox 1655 1127 1763 1149; x_wconf 90' lang='lat' dir='ltr'><strong>emen-</strong></span> 
     </span>
     <span class='ocr_line' id='line_1_27' title="bbox 143 1167 1763 1207; baseline 0 -8"><span class='ocrx_word' id='word_1_231' title='bbox 143 1168 303 1199; x_wconf 88' lang='lat' dir='ltr'><strong>dationem</strong></span> <span class='ocrx_word' id='word_1_232' title='bbox 339 1168 472 1199; x_wconf 90' lang='lat' dir='ltr'><strong>verbera</strong></span> <span class='ocrx_word' id='word_1_233' title='bbox 505 1167 571 1198; x_wconf 91' lang='lat' dir='ltr'><strong>illis</strong></span> <span class='ocrx_word' id='word_1_234' title='bbox 606 1167 817 1198; x_wconf 88' lang='lat' dir='ltr'><strong>contulerunt.</strong></span> <span class='ocrx_word' id='word_1_235' title='bbox 881 1168 940 1207; x_wconf 60' lang='lat'><strong>(243</strong></span> <span class='ocrx_word' id='word_1_236' title='bbox 977 1167 1027 1198; x_wconf 62' lang='lat' dir='ltr'><strong>Sic</strong></span> <span class='ocrx_word' id='word_1_237' title='bbox 1060 1167 1205 1198; x_wconf 85' lang='lat' dir='ltr'><strong>dominus</strong></span> <span class='ocrx_word' id='word_1_238' title='bbox 1237 1171 1343 1198; x_wconf 85' lang='lat' dir='ltr'><strong>noster</strong></span> <span class='ocrx_word' id='word_1_239' title='bbox 1372 1167 1477 1198; x_wconf 88' lang='lat' dir='ltr'><strong>tidelis</strong></span> <span class='ocrx_word' id='word_1_240' title='bbox 1509 1169 1649 1199; x_wconf 86' lang='lat' dir='ltr'><strong>oratione</strong></span> <span class='ocrx_word' id='word_1_241' title='bbox 1680 1169 1763 1199; x_wconf 81' lang='lat' dir='ltr'><strong>servi</strong></span> 
     </span>
     <span class='ocr_line' id='line_1_28' title="bbox 141 1218 1763 1260; baseline 0 -10"><span class='ocrx_word' id='word_1_242' title='bbox 141 1219 306 1258; x_wconf 86' lang='lat' dir='ltr'><strong>antiquam</strong></span> <span class='ocrx_word' id='word_1_243' title='bbox 331 1218 533 1260; x_wconf 88' lang='lat' dir='ltr'><strong>putredinem</strong></span> <span class='ocrx_word' id='word_1_244' title='bbox 556 1219 698 1249; x_wconf 88' lang='lat' dir='ltr'><strong>ulcerum</strong></span> <span class='ocrx_word' id='word_1_245' title='bbox 723 1218 861 1257; x_wconf 76' lang='lat' dir='ltr'><strong>curavit,</strong></span> <span class='ocrx_word' id='word_1_246' title='bbox 896 1219 1028 1249; x_wconf 84' lang='lat' dir='ltr'><strong>vulnera</strong></span> <span class='ocrx_word' id='word_1_247' title='bbox 1053 1218 1194 1257; x_wconf 68' lang='lat' dir='ltr'><strong>sanavit,</strong></span> <span class='ocrx_word' id='word_1_248' title='bbox 1229 1218 1360 1258; x_wconf 83' lang='lat' dir='ltr'><strong>flagella</strong></span> <span class='ocrx_word' id='word_1_249' title='bbox 1384 1219 1508 1257; x_wconf 70' lang='lat' dir='ltr'><strong>lenivit,</strong></span> <span class='ocrx_word' id='word_1_250' title='bbox 1544 1219 1622 1250; x_wconf 91' lang='lat' dir='ltr'><strong>iram</strong></span> <span class='ocrx_word' id='word_1_251' title='bbox 1646 1223 1763 1251; x_wconf 82' lang='lat' dir='ltr'><strong>terrore</strong></span> 
     </span>
     <span class='ocr_line' id='line_1_29' title="bbox 143 1269 1763 1311; baseline 0.001 -10"><span class='ocrx_word' id='word_1_252' title='bbox 143 1270 347 1311; x_wconf 83' lang='lat' dir='ltr'><strong>compescuit.</strong></span> <span class='ocrx_word' id='word_1_253' title='bbox 403 1270 452 1301; x_wconf 89' lang='lat' dir='ltr'><strong>Ita</strong></span> <span class='ocrx_word' id='word_1_254' title='bbox 484 1270 591 1301; x_wconf 88' lang='lat' dir='ltr'><strong>divino</strong></span> <span class='ocrx_word' id='word_1_255' title='bbox 620 1279 750 1300; x_wconf 87' lang='lat' dir='ltr'><strong>munere</strong></span> <span class='ocrx_word' id='word_1_256' title='bbox 781 1269 915 1300; x_wconf 87' lang='lat' dir='ltr'><strong>bellator</strong></span> <span class='ocrx_word' id='word_1_257' title='bbox 947 1270 1096 1309; x_wconf 74' lang='lat' dir='ltr'><strong>egregius</strong></span> <span class='ocrx_word' id='word_1_258' title='bbox 1126 1269 1274 1310; x_wconf 88' lang='lat' dir='ltr'><strong>praedam</strong></span> <span class='ocrx_word' id='word_1_259' title='bbox 1307 1270 1435 1301; x_wconf 88' lang='lat' dir='ltr'><strong>inimico</strong></span> <span class='ocrx_word' id='word_1_260' title='bbox 1465 1271 1610 1301; x_wconf 81' lang='lat' dir='ltr'><strong>abstulit.</strong></span> <span class='ocrx_word' id='word_1_261' title='bbox 1651 1271 1763 1302; x_wconf 82' lang='lat' dir='ltr'><strong>detulit</strong></span> 
     </span>
     <span class='ocr_line' id='line_1_30' title="bbox 143 1320 1763 1362; baseline 0 -10"><span class='ocrx_word' id='word_1_262' title='bbox 143 1322 248 1361; x_wconf 71' lang='lat' dir='ltr'><strong>caelo,</strong></span> <span class='ocrx_word' id='word_1_263' title='bbox 277 1321 416 1353; x_wconf 84' lang='lat' dir='ltr'><strong>detraxit</strong></span> <span class='ocrx_word' id='word_1_264' title='bbox 438 1321 539 1360; x_wconf 73' lang='lat' dir='ltr'><strong>hosti,</strong></span> <span class='ocrx_word' id='word_1_265' title='bbox 569 1320 687 1352; x_wconf 90' lang='lat' dir='ltr'><strong>auctori</strong></span> <span class='ocrx_word' id='word_1_266' title='bbox 712 1320 864 1351; x_wconf 82' lang='lat' dir='ltr'><strong>restituit:</strong></span> <span class='ocrx_word' id='word_1_267' title='bbox 905 1320 1048 1361; x_wconf 85' lang='lat' dir='ltr'><strong>captivos</strong></span> <span class='ocrx_word' id='word_1_268' title='bbox 1073 1321 1155 1351; x_wconf 90' lang='lat' dir='ltr'><strong>enim</strong></span> <span class='ocrx_word' id='word_1_269' title='bbox 1180 1320 1319 1352; x_wconf 73' lang='lat' dir='ltr'><strong>reddidit</strong></span> <span class='ocrx_word' id='word_1_270' title='bbox 1342 1321 1480 1352; x_wconf 83' lang='lat' dir='ltr'><strong>libertati</strong></span> <span class='ocrx_word' id='word_1_271' title='bbox 1504 1321 1664 1361; x_wconf 78' lang='lat' dir='ltr'><strong>praedone</strong></span> <span class='ocrx_word' id='word_1_272' title='bbox 1688 1332 1763 1362; x_wconf 89' lang='lat' dir='ltr'><strong>cap-</strong></span> 
     </span>
     <span class='ocr_line' id='line_1_31' title="bbox 142 1372 1763 1413; baseline -0.001 -9"><span class='ocrx_word' id='word_1_273' title='bbox 142 1373 206 1404; x_wconf 80' lang='lat' dir='ltr'><strong>tivo</strong></span> <span class='ocrx_word' id='word_1_274' title='bbox 230 1373 378 1412; x_wconf 88' lang='lat' dir='ltr'><strong>vitaeque</strong></span> <span class='ocrx_word' id='word_1_275' title='bbox 403 1376 540 1404; x_wconf 89' lang='lat' dir='ltr'><strong>mortuos</strong></span> <span class='ocrx_word' id='word_1_276' title='bbox 564 1372 673 1403; x_wconf 87' lang='lat' dir='ltr'><strong>mortis</strong></span> <span class='ocrx_word' id='word_1_277' title='bbox 697 1375 823 1403; x_wconf 88' lang='lat' dir='ltr'><strong>auctore</strong></span> <span class='ocrx_word' id='word_1_278' title='bbox 848 1375 1002 1412; x_wconf 89' lang='lat' dir='ltr'><strong>prostrato</strong></span> <span class='ocrx_word' id='word_1_279' title='bbox 1027 1372 1229 1403; x_wconf 77' lang='lat' dir='ltr'><strong>restauravit.</strong></span> <span class='ocrx_word' id='word_1_280' title='bbox 1283 1373 1339 1411; x_wconf 64' lang='lat'><strong>{25}</strong></span> <span class='ocrx_word' id='word_1_281' title='bbox 1369 1372 1408 1402; x_wconf 85' lang='lat' dir='ltr'><strong>Et</strong></span> <span class='ocrx_word' id='word_1_282' title='bbox 1431 1372 1503 1403; x_wconf 85' lang='lat' dir='ltr'><strong>ilico</strong></span> <span class='ocrx_word' id='word_1_283' title='bbox 1528 1372 1567 1403; x_wconf 88' lang='lat' dir='ltr'><strong>de</strong></span> <span class='ocrx_word' id='word_1_284' title='bbox 1591 1373 1763 1413; x_wconf 87' lang='lat' dir='ltr'><strong>penetrali-</strong></span> 
     </span>
    </p>
   </div>
   <div class='ocr_carea' id='block_1_11' title="bbox 113 1422 1764 1464">
    <p class='ocr_par' dir='ltr' id='par_1_11' title="bbox 113 1422 1764 1464">
     <span class='ocr_line' id='line_1_32' title="bbox 113 1422 1764 1464; baseline -0.001 -9"><span class='ocrx_word' id='word_1_285' title='bbox 113 1436 124 1453; x_wconf 73' lang='lat'>5</span> <span class='ocrx_word' id='word_1_286' title='bbox 144 1424 204 1455; x_wconf 84' lang='lat' dir='ltr'><strong>bus</strong></span> <span class='ocrx_word' id='word_1_287' title='bbox 228 1424 331 1455; x_wconf 88' lang='lat' dir='ltr'><strong>cordis</strong></span> <span class='ocrx_word' id='word_1_288' title='bbox 355 1423 505 1464; x_wconf 82' lang='lat' dir='ltr'><strong>sacrilegi</strong></span> <span class='ocrx_word' id='word_1_289' title='bbox 528 1423 651 1464; x_wconf 81' lang='lat' dir='ltr'><strong>peccati</strong></span> <span class='ocrx_word' id='word_1_290' title='bbox 676 1423 818 1453; x_wconf 84' lang='lat' dir='ltr'><strong>maculas</strong></span> <span class='ocrx_word' id='word_1_291' title='bbox 843 1423 960 1454; x_wconf 85' lang='lat' dir='ltr'><strong>Christi</strong></span> <span class='ocrx_word' id='word_1_292' title='bbox 985 1433 1090 1454; x_wconf 86' lang='lat' dir='ltr'><strong>amore</strong></span> <span class='ocrx_word' id='word_1_293' title='bbox 1114 1423 1248 1463; x_wconf 81' lang='lat' dir='ltr'><strong>repulit,</strong></span> <span class='ocrx_word' id='word_1_294' title='bbox 1279 1422 1358 1453; x_wconf 82' lang='lat' dir='ltr'><strong>fides</strong></span> <span class='ocrx_word' id='word_1_295' title='bbox 1382 1423 1552 1454; x_wconf 83' lang='lat' dir='ltr'><strong>abstraxit.</strong></span> <span class='ocrx_word' id='word_1_296' title='bbox 1580 1424 1665 1454; x_wconf 87' lang='lat' dir='ltr'><strong>unda</strong></span> <span class='ocrx_word' id='word_1_297' title='bbox 1689 1434 1764 1464; x_wconf 88' lang='lat' dir='ltr'><strong>pur-</strong></span> 
     </span>
    </p>
   </div>
   <div class='ocr_carea' id='block_1_12' title="bbox 143 1474 1764 2181">
    <p class='ocr_par' dir='ltr' id='par_1_12' title="bbox 143 1474 1763 1618">
     <span class='ocr_line' id='line_1_33' title="bbox 143 1474 1763 1516; baseline -0.001 -10"><span class='ocrx_word' id='word_1_298' title='bbox 143 1475 231 1516; x_wconf 80' lang='lat' dir='ltr'><strong>gavit</strong></span> <span class='ocrx_word' id='word_1_299' title='bbox 257 1479 288 1506; x_wconf 91' lang='lat' dir='ltr'><strong>et</strong></span> <span class='ocrx_word' id='word_1_300' title='bbox 311 1475 426 1506; x_wconf 72' lang='lat' dir='ltr'><strong>nivalis</strong></span> <span class='ocrx_word' id='word_1_301' title='bbox 451 1475 545 1505; x_wconf 89' lang='lat' dir='ltr'><strong>simul</strong></span> <span class='ocrx_word' id='word_1_302' title='bbox 570 1474 688 1505; x_wconf 87' lang='lat' dir='ltr'><strong>candor</strong></span> <span class='ocrx_word' id='word_1_303' title='bbox 711 1477 853 1505; x_wconf 87' lang='lat' dir='ltr'><strong>terrenos</strong></span> <span class='ocrx_word' id='word_1_304' title='bbox 877 1474 1020 1505; x_wconf 89' lang='lat' dir='ltr'><strong>homines</strong></span> <span class='ocrx_word' id='word_1_305' title='bbox 1045 1474 1179 1514; x_wconf 89' lang='lat' dir='ltr'><strong>spiritali</strong></span> <span class='ocrx_word' id='word_1_306' title='bbox 1204 1474 1278 1505; x_wconf 86' lang='lat' dir='ltr'><strong>fidei</strong></span> <span class='ocrx_word' id='word_1_307' title='bbox 1302 1474 1481 1505; x_wconf 78' lang='lat' dir='ltr'><strong>velamento</strong></span> <span class='ocrx_word' id='word_1_308' title='bbox 1504 1474 1621 1513; x_wconf 72' lang='lat' dir='ltr'><strong>induit,</strong></span> <span class='ocrx_word' id='word_1_309' title='bbox 1657 1475 1763 1514; x_wconf 81' lang='lat' dir='ltr'><strong>sicque</strong></span> 
     </span>
     <span class='ocr_line' id='line_1_34' title="bbox 143 1525 1763 1567; baseline -0.001 -10"><span class='ocrx_word' id='word_1_310' title='bbox 143 1530 234 1567; x_wconf 88' lang='lat' dir='ltr'><strong>pater</strong></span> <span class='ocrx_word' id='word_1_311' title='bbox 264 1527 413 1566; x_wconf 79' lang='lat' dir='ltr'><strong>egregius</strong></span> <span class='ocrx_word' id='word_1_312' title='bbox 443 1526 611 1566; x_wconf 85' lang='lat' dir='ltr'><strong>fidelisque</strong></span> <span class='ocrx_word' id='word_1_313' title='bbox 642 1535 753 1556; x_wconf 83' lang='lat' dir='ltr'><strong>servus</strong></span> <span class='ocrx_word' id='word_1_314' title='bbox 784 1525 963 1565; x_wconf 84' lang='lat' dir='ltr'><strong>evangelici</strong></span> <span class='ocrx_word' id='word_1_315' title='bbox 994 1525 1156 1566; x_wconf 85' lang='lat' dir='ltr'><strong>praecepti</strong></span> <span class='ocrx_word' id='word_1_316' title='bbox 1179 1535 1299 1557; x_wconf 90' lang='lat' dir='ltr'><strong>memor</strong></span> <span class='ocrx_word' id='word_1_317' title='bbox 1322 1525 1489 1556; x_wconf 85' lang='lat' dir='ltr'><strong>commissa</strong></span> <span class='ocrx_word' id='word_1_318' title='bbox 1513 1525 1572 1556; x_wconf 85' lang='lat' dir='ltr'><strong>sibi</strong></span> <span class='ocrx_word' id='word_1_319' title='bbox 1596 1536 1615 1556; x_wconf 88' lang='lat' dir='ltr'><strong>a</strong></span> <span class='ocrx_word' id='word_1_320' title='bbox 1639 1526 1763 1556; x_wconf 84' lang='lat' dir='ltr'><strong>domino</strong></span> 
     </span>
     <span class='ocr_line' id='line_1_35' title="bbox 144 1577 789 1618; baseline -0.003 -10"><span class='ocrx_word' id='word_1_321' title='bbox 144 1577 229 1608; x_wconf 86' lang='lat' dir='ltr'><strong>felici</strong></span> <span class='ocrx_word' id='word_1_322' title='bbox 253 1577 382 1609; x_wconf 87' lang='lat' dir='ltr'><strong>faenore</strong></span> <span class='ocrx_word' id='word_1_323' title='bbox 407 1577 619 1618; x_wconf 86' lang='lat' dir='ltr'><strong>multiplicata</strong></span> <span class='ocrx_word' id='word_1_324' title='bbox 642 1577 789 1608; x_wconf 90' lang='lat' dir='ltr'><strong>restituit.</strong></span> 
     </span>
    </p>

    <p class='ocr_par' dir='ltr' id='par_1_13' title="bbox 143 1627 1764 2181">
     <span class='ocr_line' id='line_1_36' title="bbox 234 1627 1763 1669; baseline 0 -10"><span class='ocrx_word' id='word_1_325' title='bbox 234 1629 294 1669; x_wconf 79' lang='grc'>(26)</span> <span class='ocrx_word' id='word_1_326' title='bbox 322 1628 563 1668; x_wconf 86' lang='lat' dir='ltr'><strong>Aliquantulum</strong></span> <span class='ocrx_word' id='word_1_327' title='bbox 587 1638 660 1659; x_wconf 89' lang='lat' dir='ltr'><strong>vero</strong></span> <span class='ocrx_word' id='word_1_328' title='bbox 685 1632 756 1668; x_wconf 87' lang='lat' dir='ltr'><strong>post</strong></span> <span class='ocrx_word' id='word_1_329' title='bbox 779 1628 858 1659; x_wconf 88' lang='lat' dir='ltr'><strong>haec</strong></span> <span class='ocrx_word' id='word_1_330' title='bbox 881 1628 1032 1668; x_wconf 80' lang='lat' dir='ltr'><strong>temporis</strong></span> <span class='ocrx_word' id='word_1_331' title='bbox 1057 1627 1201 1665; x_wconf 77' lang='lat' dir='ltr'><strong>fluxerat,</strong></span> <span class='ocrx_word' id='word_1_332' title='bbox 1230 1637 1298 1657; x_wconf 90' lang='lat' dir='ltr'><strong>cum</strong></span> <span class='ocrx_word' id='word_1_333' title='bbox 1316 1627 1479 1668; x_wconf 87' lang='lat' dir='ltr'><strong>praecepit</strong></span> <span class='ocrx_word' id='word_1_334' title='bbox 1495 1627 1617 1658; x_wconf 81' lang='lat' dir='ltr'><strong>duobus</strong></span> <span class='ocrx_word' id='word_1_335' title='bbox 1634 1631 1763 1659; x_wconf 84' lang='lat' dir='ltr'><strong>sauctae</strong></span> 
     </span>
     <span class='ocr_line' id='line_1_37' title="bbox 143 1677 1763 1719; baseline -0.001 -9"><span class='ocrx_word' id='word_1_336' title='bbox 143 1679 299 1710; x_wconf 88' lang='lat' dir='ltr'><strong>ecclesiae</strong></span> <span class='ocrx_word' id='word_1_337' title='bbox 323 1679 461 1717; x_wconf 67' lang='lat' dir='ltr'><strong>famulis,</strong></span> <span class='ocrx_word' id='word_1_338' title='bbox 490 1682 524 1710; x_wconf 86' lang='lat' dir='ltr'><strong>ut</strong></span> <span class='ocrx_word' id='word_1_339' title='bbox 546 1679 579 1710; x_wconf 92' lang='lat' dir='ltr'><strong>in</strong></span> <span class='ocrx_word' id='word_1_340' title='bbox 602 1679 731 1710; x_wconf 89' lang='lat' dir='ltr'><strong>flumine</strong></span> <span class='ocrx_word' id='word_1_341' title='bbox 755 1679 839 1719; x_wconf 84' lang='lat' dir='ltr'><strong>quod</strong></span> <span class='ocrx_word' id='word_1_342' title='bbox 862 1679 951 1710; x_wconf 89' lang='lat' dir='ltr'><strong>iuxta</strong></span> <span class='ocrx_word' id='word_1_343' title='bbox 975 1679 1083 1709; x_wconf 85' lang='lat' dir='ltr'><strong>urbem</strong></span> <span class='ocrx_word' id='word_1_344' title='bbox 1104 1677 1298 1719; x_wconf 87' lang='lat' dir='ltr'><strong>praeterfluit</strong></span> <span class='ocrx_word' id='word_1_345' title='bbox 1314 1688 1432 1719; x_wconf 85' lang='lat' dir='ltr'><strong>paucos</strong></span> <span class='ocrx_word' id='word_1_346' title='bbox 1449 1689 1503 1718; x_wconf 88' lang='lat' dir='ltr'><strong>pro</strong></span> <span class='ocrx_word' id='word_1_347' title='bbox 1520 1678 1763 1709; x_wconf 84' lang='lat' dir='ltr'><strong>advenientibus</strong></span> 
     </span>
     <span class='ocr_line' id='line_1_38' title="bbox 144 1729 1763 1771; baseline -0.001 -9"><span class='ocrx_word' id='word_1_348' title='bbox 144 1731 249 1771; x_wconf 86' lang='lat' dir='ltr'><strong>pisces</strong></span> <span class='ocrx_word' id='word_1_349' title='bbox 274 1734 433 1771; x_wconf 86' lang='lat' dir='ltr'><strong>caperent.</strong></span> <span class='ocrx_word' id='word_1_350' title='bbox 482 1731 577 1761; x_wconf 90' lang='lat' dir='ltr'><strong>Haud</strong></span> <span class='ocrx_word' id='word_1_351' title='bbox 601 1740 688 1761; x_wconf 85' lang='lat' dir='ltr'><strong>mora</strong></span> <span class='ocrx_word' id='word_1_352' title='bbox 712 1730 890 1771; x_wconf 84' lang='lat' dir='ltr'><strong>praeceptis</strong></span> <span class='ocrx_word' id='word_1_353' title='bbox 915 1730 1081 1767; x_wconf 84' lang='lat' dir='ltr'><strong>obediunt7</strong></span> <span class='ocrx_word' id='word_1_354' title='bbox 1110 1729 1213 1770; x_wconf 88' lang='lat' dir='ltr'><strong>pisces</strong></span> <span class='ocrx_word' id='word_1_355' title='bbox 1238 1729 1384 1770; x_wconf 65' lang='lat' dir='ltr'><strong>capiunt7</strong></span> <span class='ocrx_word' id='word_1_356' title='bbox 1412 1729 1477 1759; x_wconf 91' lang='lat' dir='ltr'><strong>lina</strong></span> <span class='ocrx_word' id='word_1_357' title='bbox 1501 1729 1620 1769; x_wconf 79' lang='lat' dir='ltr'><strong>legunt.</strong></span> <span class='ocrx_word' id='word_1_358' title='bbox 1647 1730 1688 1760; x_wconf 87' lang='lat' dir='ltr'><strong>ad</strong></span> <span class='ocrx_word' id='word_1_359' title='bbox 1712 1740 1763 1760; x_wconf 92' lang='lat' dir='ltr'><strong>ur-</strong></span> 
     </span>
     <span class='ocr_line' id='line_1_39' title="bbox 144 1780 1763 1821; baseline -0.002 -8"><span class='ocrx_word' id='word_1_360' title='bbox 144 1783 214 1813; x_wconf 90' lang='lat' dir='ltr'><strong>bem</strong></span> <span class='ocrx_word' id='word_1_361' title='bbox 239 1785 390 1819; x_wconf 71' lang='lat' dir='ltr'><strong>remcant,</strong></span> <span class='ocrx_word' id='word_1_362' title='bbox 418 1791 497 1821; x_wconf 82' lang='lat' dir='ltr'><strong>quos</strong></span> <span class='ocrx_word' id='word_1_363' title='bbox 521 1781 638 1812; x_wconf 86' lang='lat' dir='ltr'><strong>milites</strong></span> <span class='ocrx_word' id='word_1_364' title='bbox 662 1781 716 1820; x_wconf 89' lang='lat' dir='ltr'><strong>qui</strong></span> <span class='ocrx_word' id='word_1_365' title='bbox 739 1781 771 1811; x_wconf 93' lang='lat' dir='ltr'><strong>in</strong></span> <span class='ocrx_word' id='word_1_366' title='bbox 795 1781 954 1821; x_wconf 84' lang='lat' dir='ltr'><strong>praesidio</strong></span> <span class='ocrx_word' id='word_1_367' title='bbox 978 1784 1068 1812; x_wconf 90' lang='lat' dir='ltr'><strong>erant</strong></span> <span class='ocrx_word' id='word_1_368' title='bbox 1084 1780 1220 1811; x_wconf 81' lang='lat' dir='ltr'><strong>civitatis</strong></span> <span class='ocrx_word' id='word_1_369' title='bbox 1237 1780 1405 1811; x_wconf 85' lang='lat' dir='ltr'><strong>redeuntes</strong></span> <span class='ocrx_word' id='word_1_370' title='bbox 1421 1780 1596 1811; x_wconf 84' lang='lat' dir='ltr'><strong>offendunt.</strong></span> <span class='ocrx_word' id='word_1_371' title='bbox 1661 1782 1709 1819; x_wconf 76' lang='grc'><strong>27)</strong></span> <span class='ocrx_word' id='word_1_372' title='bbox 1739 1781 1763 1811; x_wconf 89' lang='lat' dir='ltr'><strong>Ii</strong></span> 
     </span>
     <span class='ocr_line' id='line_1_40' title="bbox 143 1830 1761 1873; baseline -0.002 -9"><span class='ocrx_word' id='word_1_373' title='bbox 143 1833 251 1864; x_wconf 82' lang='lat' dir='ltr'><strong>hostili</strong></span> <span class='ocrx_word' id='word_1_374' title='bbox 282 1833 342 1864; x_wconf 88' lang='lat' dir='ltr'><strong>ritu</strong></span> <span class='ocrx_word' id='word_1_375' title='bbox 370 1833 451 1873; x_wconf 86' lang='lat' dir='ltr'><strong>septi</strong></span> <span class='ocrx_word' id='word_1_376' title='bbox 476 1832 638 1873; x_wconf 90' lang='lat' dir='ltr'><strong>potiuntur</strong></span> <span class='ocrx_word' id='word_1_377' title='bbox 662 1832 803 1872; x_wconf 88' lang='lat' dir='ltr'><strong>piscibus</strong></span> <span class='ocrx_word' id='word_1_378' title='bbox 828 1841 944 1872; x_wconf 87' lang='lat' dir='ltr'><strong>eosque</strong></span> <span class='ocrx_word' id='word_1_379' title='bbox 969 1832 1052 1862; x_wconf 88' lang='lat' dir='ltr'><strong>male</strong></span> <span class='ocrx_word' id='word_1_380' title='bbox 1076 1831 1224 1862; x_wconf 86' lang='lat' dir='ltr'><strong>multatos</strong></span> <span class='ocrx_word' id='word_1_381' title='bbox 1248 1830 1358 1870; x_wconf 87' lang='lat' dir='ltr'><strong>flagris</strong></span> <span class='ocrx_word' id='word_1_382' title='bbox 1381 1831 1564 1870; x_wconf 84' lang='lat' dir='ltr'><strong>relinquunt</strong></span> <span class='ocrx_word' id='word_1_383' title='bbox 1587 1832 1761 1862; x_wconf 74' lang='lat' dir='ltr'><strong>exanimes.</strong></span> 
     </span>
     <span class='ocr_line' id='line_1_41' title="bbox 143 1881 1764 1923; baseline -0.002 -7"><span class='ocrx_word' id='word_1_384' title='bbox 143 1884 193 1915; x_wconf 90' lang='lat' dir='ltr'><strong>Ad</strong></span> <span class='ocrx_word' id='word_1_385' title='bbox 222 1885 418 1916; x_wconf 85' lang='lat' dir='ltr'><strong>sacerdotem</strong></span> <span class='ocrx_word' id='word_1_386' title='bbox 449 1883 559 1914; x_wconf 87' lang='lat' dir='ltr'><strong>famuli</strong></span> <span class='ocrx_word' id='word_1_387' title='bbox 591 1883 724 1914; x_wconf 89' lang='lat' dir='ltr'><strong>redeunt</strong></span> <span class='ocrx_word' id='word_1_388' title='bbox 748 1887 778 1914; x_wconf 90' lang='lat' dir='ltr'><strong>et</strong></span> <span class='ocrx_word' id='word_1_389' title='bbox 801 1893 883 1923; x_wconf 87' lang='lat' dir='ltr'><strong>quae</strong></span> <span class='ocrx_word' id='word_1_390' title='bbox 906 1882 947 1913; x_wconf 86' lang='lat' dir='ltr'><strong>iis</strong></span> <span class='ocrx_word' id='word_1_391' title='bbox 972 1882 1065 1913; x_wconf 85' lang='lat' dir='ltr'><strong>simul</strong></span> <span class='ocrx_word' id='word_1_392' title='bbox 1089 1882 1197 1913; x_wconf 87' lang='lat' dir='ltr'><strong>ablata</strong></span> <span class='ocrx_word' id='word_1_393' title='bbox 1220 1882 1374 1921; x_wconf 81' lang='lat' dir='ltr'><strong>illataque</strong></span> <span class='ocrx_word' id='word_1_394' title='bbox 1399 1881 1525 1913; x_wconf 85' lang='lat' dir='ltr'><strong>fuerant</strong></span> <span class='ocrx_word' id='word_1_395' title='bbox 1548 1882 1637 1913; x_wconf 83' lang='lat' dir='ltr'><strong>testis</strong></span> <span class='ocrx_word' id='word_1_396' title='bbox 1662 1883 1764 1913; x_wconf 80' lang='lat' dir='ltr'><strong>luctus</strong></span> 
     </span>
     <span class='ocr_line' id='line_1_42' title="bbox 145 1933 1763 1975; baseline -0.002 -8"><span class='ocrx_word' id='word_1_397' title='bbox 145 1936 280 1967; x_wconf 86' lang='lat' dir='ltr'><strong>edocuit.</strong></span> <span class='ocrx_word' id='word_1_398' title='bbox 334 1936 393 1975; x_wconf 69' lang='grc'>(28)</span> <span class='ocrx_word' id='word_1_399' title='bbox 423 1935 540 1966; x_wconf 85' lang='lat' dir='ltr'><strong>Beatus</strong></span> <span class='ocrx_word' id='word_1_400' title='bbox 564 1937 670 1965; x_wconf 88' lang='lat' dir='ltr'><strong>tamen</strong></span> <span class='ocrx_word' id='word_1_401' title='bbox 694 1934 835 1974; x_wconf 84' lang='lat' dir='ltr'><strong>pontifex</strong></span> <span class='ocrx_word' id='word_1_402' title='bbox 860 1933 899 1965; x_wconf 89' lang='lat' dir='ltr'><strong>de</strong></span> <span class='ocrx_word' id='word_1_403' title='bbox 923 1933 1049 1964; x_wconf 82' lang='lat' dir='ltr'><strong>amissis</strong></span> <span class='ocrx_word' id='word_1_404' title='bbox 1073 1943 1134 1964; x_wconf 92' lang='lat' dir='ltr'><strong>non</strong></span> <span class='ocrx_word' id='word_1_405' title='bbox 1158 1933 1258 1964; x_wconf 87' lang='lat' dir='ltr'><strong>doluit</strong></span> <span class='ocrx_word' id='word_1_406' title='bbox 1281 1943 1319 1963; x_wconf 86' lang='lat' dir='ltr'><strong>ex</strong></span> <span class='ocrx_word' id='word_1_407' title='bbox 1344 1936 1534 1973; x_wconf 54' lang='lat' dir='ltr'><strong>contemptu.</strong></span> <span class='ocrx_word' id='word_1_408' title='bbox 1562 1933 1617 1963; x_wconf 85' lang='lat' dir='ltr'><strong>sed</strong></span> <span class='ocrx_word' id='word_1_409' title='bbox 1637 1933 1763 1964; x_wconf 83' lang='lat' dir='ltr'><strong>afflictis</strong></span> 
     </span>
     <span class='ocr_line' id='line_1_43' title="bbox 145 1983 1763 2027; baseline -0.002 -9"><span class='ocrx_word' id='word_1_410' title='bbox 145 1987 326 2027; x_wconf 86' lang='lat' dir='ltr'><strong>congemuit</strong></span> <span class='ocrx_word' id='word_1_411' title='bbox 349 1997 388 2018; x_wconf 84' lang='lat' dir='ltr'><strong>ex</strong></span> <span class='ocrx_word' id='word_1_412' title='bbox 412 1986 538 2017; x_wconf 84' lang='lat' dir='ltr'><strong>affectu.</strong></span> <span class='ocrx_word' id='word_1_413' title='bbox 580 1985 674 2016; x_wconf 89' lang='lat' dir='ltr'><strong>Illinc</strong></span> <span class='ocrx_word' id='word_1_414' title='bbox 698 1985 907 2016; x_wconf 86' lang='lat' dir='ltr'><strong>constantiam</strong></span> <span class='ocrx_word' id='word_1_415' title='bbox 925 1984 1008 2024; x_wconf 83' lang='lat' dir='ltr'><strong>rigor</strong></span> <span class='ocrx_word' id='word_1_416' title='bbox 1024 1984 1134 2022; x_wconf 66' lang='lat' dir='ltr'><strong>tenuit7</strong></span> <span class='ocrx_word' id='word_1_417' title='bbox 1164 1984 1237 2015; x_wconf 92' lang='lat' dir='ltr'><strong>hinc</strong></span> <span class='ocrx_word' id='word_1_418' title='bbox 1254 1984 1402 2015; x_wconf 90' lang='lat' dir='ltr'><strong>lacrimas</strong></span> <span class='ocrx_word' id='word_1_419' title='bbox 1419 1984 1521 2023; x_wconf 87' lang='lat' dir='ltr'><strong>pietas</strong></span> <span class='ocrx_word' id='word_1_420' title='bbox 1538 1983 1631 2015; x_wconf 89' lang='lat' dir='ltr'><strong>fudit.</strong></span> <span class='ocrx_word' id='word_1_421' title='bbox 1672 1984 1763 2015; x_wconf 86' lang='lat' dir='ltr'><strong>Felix</strong></span> 
     </span>
     <span class='ocr_line' id='line_1_44' title="bbox 144 2035 1763 2077; baseline -0.003 -7"><span class='ocrx_word' id='word_1_422' title='bbox 144 2048 215 2069; x_wconf 91' lang='lat' dir='ltr'><strong>cum</strong></span> <span class='ocrx_word' id='word_1_423' title='bbox 239 2038 316 2069; x_wconf 90' lang='lat' dir='ltr'><strong>vicit</strong></span> <span class='ocrx_word' id='word_1_424' title='bbox 339 2040 530 2077; x_wconf 77' lang='lat' dir='ltr'><strong>contemptu⁷</strong></span> <span class='ocrx_word' id='word_1_425' title='bbox 563 2036 687 2067; x_wconf 83' lang='lat' dir='ltr'><strong>felicior</strong></span> <span class='ocrx_word' id='word_1_426' title='bbox 711 2046 780 2066; x_wconf 90' lang='lat' dir='ltr'><strong>cum</strong></span> <span class='ocrx_word' id='word_1_427' title='bbox 805 2035 907 2066; x_wconf 83' lang='lat' dir='ltr'><strong>victus</strong></span> <span class='ocrx_word' id='word_1_428' title='bbox 931 2036 1046 2066; x_wconf 82' lang='lat' dir='ltr'><strong>affectu</strong></span> <span class='ocrx_word' id='word_1_429' title='bbox 1071 2038 1130 2066; x_wconf 90' lang='lat' dir='ltr'><strong>est.</strong></span> <span class='ocrx_word' id='word_1_430' title='bbox 1183 2036 1240 2074; x_wconf 60' lang='lat'><strong>(29)</strong></span> <span class='ocrx_word' id='word_1_431' title='bbox 1271 2035 1406 2065; x_wconf 87' lang='lat' dir='ltr'><strong>Domum</strong></span> <span class='ocrx_word' id='word_1_432' title='bbox 1429 2035 1551 2065; x_wconf 86' lang='lat' dir='ltr'><strong>interea</strong></span> <span class='ocrx_word' id='word_1_433' title='bbox 1574 2035 1690 2066; x_wconf 86' lang='lat' dir='ltr'><strong>milites</strong></span> <span class='ocrx_word' id='word_1_434' title='bbox 1714 2045 1763 2065; x_wconf 89' lang='lat' dir='ltr'><strong>re-</strong></span> 
     </span>
     <span class='ocr_line' id='line_1_45' title="bbox 144 2086 1763 2130; baseline -0.004 -9"><span class='ocrx_word' id='word_1_435' title='bbox 144 2093 264 2130; x_wconf 83' lang='lat' dir='ltr'><strong>petunt7</strong></span> <span class='ocrx_word' id='word_1_436' title='bbox 292 2089 435 2120; x_wconf 90' lang='lat' dir='ltr'><strong>nituntur</strong></span> <span class='ocrx_word' id='word_1_437' title='bbox 458 2087 609 2129; x_wconf 88' lang='lat' dir='ltr'><strong>praedam</strong></span> <span class='ocrx_word' id='word_1_438' title='bbox 634 2087 782 2118; x_wconf 87' lang='lat' dir='ltr'><strong>edomare</strong></span> <span class='ocrx_word' id='word_1_439' title='bbox 806 2086 955 2117; x_wconf 86' lang='lat' dir='ltr'><strong>flammis:</strong></span> <span class='ocrx_word' id='word_1_440' title='bbox 986 2086 1127 2117; x_wconf 82' lang='lat' dir='ltr'><strong>subiecto</strong></span> <span class='ocrx_word' id='word_1_441' title='bbox 1151 2086 1266 2117; x_wconf 87' lang='lat' dir='ltr'><strong>etenim</strong></span> <span class='ocrx_word' id='word_1_442' title='bbox 1289 2086 1363 2125; x_wconf 84' lang='lat' dir='ltr'><strong>igne</strong></span> <span class='ocrx_word' id='word_1_443' title='bbox 1380 2086 1541 2117; x_wconf 85' lang='lat' dir='ltr'><strong>exundant</strong></span> <span class='ocrx_word' id='word_1_444' title='bbox 1557 2086 1679 2124; x_wconf 74' lang='lat' dir='ltr'><strong>latices,</strong></span> <span class='ocrx_word' id='word_1_445' title='bbox 1707 2086 1763 2116; x_wconf 81' lang='lat' dir='ltr'><strong>sed</strong></span> 
     </span>
     <span class='ocr_line' id='line_1_46' title="bbox 144 2136 1762 2181; baseline -0.003 -9"><span class='ocrx_word' id='word_1_446' title='bbox 144 2151 224 2172; x_wconf 83' lang='lat' dir='ltr'><strong>novo</strong></span> <span class='ocrx_word' id='word_1_447' title='bbox 255 2144 385 2181; x_wconf 90' lang='lat' dir='ltr'><strong>repente</strong></span> <span class='ocrx_word' id='word_1_448' title='bbox 417 2139 565 2170; x_wconf 89' lang='lat' dir='ltr'><strong>miraculo</strong></span> <span class='ocrx_word' id='word_1_449' title='bbox 596 2136 701 2179; x_wconf 84' lang='lat' dir='ltr'><strong>perdit</strong></span> <span class='ocrx_word' id='word_1_450' title='bbox 732 2138 793 2168; x_wconf 82' lang='lat' dir='ltr'><strong>vini</strong></span> <span class='ocrx_word' id='word_1_451' title='bbox 825 2137 952 2168; x_wconf 88' lang='lat' dir='ltr'><strong>flamma</strong></span> <span class='ocrx_word' id='word_1_452' title='bbox 984 2137 1136 2168; x_wconf 82' lang='lat' dir='ltr'><strong>desiliens</strong></span> <span class='ocrx_word' id='word_1_453' title='bbox 1160 2140 1190 2167; x_wconf 86' lang='lat' dir='ltr'><strong>ct</strong></span> <span class='ocrx_word' id='word_1_454' title='bbox 1213 2140 1364 2168; x_wconf 87' lang='lat' dir='ltr'><strong>aestuans</strong></span> <span class='ocrx_word' id='word_1_455' title='bbox 1387 2137 1419 2167; x_wconf 91' lang='lat' dir='ltr'><strong>in</strong></span> <span class='ocrx_word' id='word_1_456' title='bbox 1443 2146 1568 2167; x_wconf 84' lang='lat' dir='ltr'><strong>cassum</strong></span> <span class='ocrx_word' id='word_1_457' title='bbox 1593 2136 1762 2167; x_wconf 84' lang='lat' dir='ltr'><strong>furibunda</strong></span> 
     </span>
    </p>
   </div>
   <div class='ocr_carea' id='block_1_13' title="bbox 230 2234 493 2261">
    <p class='ocr_par' dir='ltr' id='par_1_14' title="bbox 230 2234 493 2261">
     <span class='ocr_line' id='line_1_47' title="bbox 230 2234 493 2261; baseline -0.004 -3"><span class='ocrx_word' id='word_1_458' title='bbox 230 2235 260 2258; x_wconf 79' lang='lat'><strong>27</strong></span> <span class='ocrx_word' id='word_1_459' title='bbox 281 2235 368 2258; x_wconf 79' lang='lat' dir='ltr'><strong>Matth.</strong></span> <span class='ocrx_word' id='word_1_460' title='bbox 390 2234 430 2261; x_wconf 70' lang='lat'><strong>25,</strong></span> <span class='ocrx_word' id='word_1_461' title='bbox 453 2234 493 2257; x_wconf 81' lang='lat'><strong>21.</strong></span> 
     </span>
    </p>
   </div>
   <div class='ocr_carea' id='block_1_14' title="bbox 142 2383 1763 2752">
    <p class='ocr_par' dir='ltr' id='par_1_15' title="bbox 142 2383 1763 2752">
     <span class='ocr_line' id='line_1_48' title="bbox 232 2383 1760 2420; baseline -0.004 -9"><span class='ocrx_word' id='word_1_462' title='bbox 232 2387 242 2410; x_wconf 86' lang='grc'><strong>1</strong></span> <span class='ocrx_word' id='word_1_463' title='bbox 264 2386 328 2420; x_wconf 85' lang='lat' dir='ltr'><strong>dies]</strong></span> <span class='ocrx_word' id='word_1_464' title='bbox 349 2390 374 2411; x_wconf 88' lang='lat' dir='ltr'><strong>et</strong></span> <span class='ocrx_word' id='word_1_465' title='bbox 393 2388 450 2410; x_wconf 77' lang='lat' dir='ltr'><strong>add.</strong></span> <span class='ocrx_word' id='word_1_466' title='bbox 468 2388 487 2410; x_wconf 94' lang='lat' dir='ltr'><em>L</em></span> <span class='ocrx_word' id='word_1_467' title='bbox 592 2386 697 2409; x_wconf 83' lang='lat' dir='ltr'><strong>terribili</strong></span> <span class='ocrx_word' id='word_1_468' title='bbox 716 2399 749 2402; x_wconf 97' lang='lat'><strong>—</strong></span> <span class='ocrx_word' id='word_1_469' title='bbox 768 2383 874 2417; x_wconf 75' lang='lat' dir='ltr'><strong>fulmen]</strong></span> <span class='ocrx_word' id='word_1_470' title='bbox 893 2385 1011 2408; x_wconf 84' lang='lat' dir='ltr'><strong>terribilis</strong></span> <span class='ocrx_word' id='word_1_471' title='bbox 1031 2385 1124 2407; x_wconf 82' lang='lat' dir='ltr'><strong>tonitru</strong></span> <span class='ocrx_word' id='word_1_472' title='bbox 1143 2386 1221 2413; x_wconf 78' lang='lat' dir='ltr'><strong>fragor</strong></span> <span class='ocrx_word' id='word_1_473' title='bbox 1240 2384 1261 2406; x_wconf 89' lang='lat' dir='ltr'><em>L</em></span> <span class='ocrx_word' id='word_1_474' title='bbox 1367 2384 1380 2407; x_wconf 84' lang='lat'><strong>2</strong></span> <span class='ocrx_word' id='word_1_475' title='bbox 1401 2387 1424 2406; x_wconf 85' lang='lat' dir='ltr'><strong>et</strong></span> <span class='ocrx_word' id='word_1_476' title='bbox 1444 2384 1562 2413; x_wconf 74' lang='lat' dir='ltr'><strong>dispergit</strong></span> <span class='ocrx_word' id='word_1_477' title='bbox 1576 2384 1595 2406; x_wconf 91' lang='lat' dir='ltr'><em>L</em></span> <span class='ocrx_word' id='word_1_478' title='bbox 1701 2384 1760 2412; x_wconf 68' lang='lat' dir='ltr'><strong>lapi-</strong></span> 
     </span>
     <span class='ocr_line' id='line_1_49' title="bbox 143 2424 1763 2459; baseline -0.004 -6"><span class='ocrx_word' id='word_1_479' title='bbox 143 2431 202 2454; x_wconf 87' lang='lat' dir='ltr'><strong>dum</strong></span> <span class='ocrx_word' id='word_1_480' title='bbox 220 2431 241 2453; x_wconf 82' lang='lat' dir='ltr'><em>B</em></span> <span class='ocrx_word' id='word_1_481' title='bbox 347 2430 361 2453; x_wconf 85' lang='lat'><strong>3</strong></span> <span class='ocrx_word' id='word_1_482' title='bbox 381 2430 482 2453; x_wconf 81' lang='lat' dir='ltr'><strong>diuersa</strong></span> <span class='ocrx_word' id='word_1_483' title='bbox 501 2431 526 2452; x_wconf 90' lang='lat' dir='ltr'><strong>in</strong></span> <span class='ocrx_word' id='word_1_484' title='bbox 545 2432 614 2459; x_wconf 85' lang='lat' dir='ltr'><strong>parte</strong></span> <span class='ocrx_word' id='word_1_485' title='bbox 634 2429 655 2451; x_wconf 87' lang='lat' dir='ltr'><strong><em>B</em></strong></span> <span class='ocrx_word' id='word_1_486' title='bbox 772 2429 787 2452; x_wconf 79' lang='lat'>4</span> <span class='ocrx_word' id='word_1_487' title='bbox 807 2426 928 2459; x_wconf 82' lang='lat' dir='ltr'><strong>lauterna]</strong></span> <span class='ocrx_word' id='word_1_488' title='bbox 948 2435 1014 2450; x_wconf 88' lang='lat' dir='ltr'><strong>nunc</strong></span> <span class='ocrx_word' id='word_1_489' title='bbox 1033 2427 1089 2450; x_wconf 58' lang='lat' dir='ltr'><strong>[ald.</strong></span> <span class='ocrx_word' id='word_1_490' title='bbox 1107 2427 1127 2449; x_wconf 88' lang='lat' dir='ltr'><em>L</em></span> <span class='ocrx_word' id='word_1_491' title='bbox 1232 2428 1301 2449; x_wconf 82' lang='lat' dir='ltr'><strong>riuus</strong></span> <span class='ocrx_word' id='word_1_492' title='bbox 1320 2424 1426 2458; x_wconf 81' lang='lat' dir='ltr'><strong>partem]</strong></span> <span class='ocrx_word' id='word_1_493' title='bbox 1447 2433 1505 2449; x_wconf 86' lang='lat' dir='ltr'><strong>nero</strong></span> <span class='ocrx_word' id='word_1_494' title='bbox 1523 2425 1580 2448; x_wconf 70' lang='lat' dir='ltr'><strong>add.</strong></span> <span class='ocrx_word' id='word_1_495' title='bbox 1598 2426 1616 2448; x_wconf 90' lang='lat' dir='ltr'><em>L</em></span> <span class='ocrx_word' id='word_1_496' title='bbox 1722 2426 1763 2448; x_wconf 79' lang='lat' dir='ltr'><strong>ha-</strong></span> 
     </span>
     <span class='ocr_line' id='line_1_50' title="bbox 144 2469 1727 2504; baseline -0.004 -8"><span class='ocrx_word' id='word_1_497' title='bbox 144 2475 200 2496; x_wconf 84' lang='lat' dir='ltr'><strong>beat</strong></span> <span class='ocrx_word' id='word_1_498' title='bbox 218 2473 272 2502; x_wconf 83' lang='lat' dir='ltr'><strong>ripa</strong></span> <span class='ocrx_word' id='word_1_499' title='bbox 291 2473 414 2496; x_wconf 80' lang='lat' dir='ltr'><strong>auarionis</strong></span> <span class='ocrx_word' id='word_1_500' title='bbox 428 2473 448 2495; x_wconf 92' lang='lat' dir='ltr'><em>B</em></span> <span class='ocrx_word' id='word_1_501' title='bbox 554 2472 568 2495; x_wconf 87' lang='lat'>5</span> <span class='ocrx_word' id='word_1_502' title='bbox 588 2470 693 2504; x_wconf 75' lang='lat' dir='ltr'><strong>partem]</strong></span> <span class='ocrx_word' id='word_1_503' title='bbox 715 2478 811 2501; x_wconf 85' lang='lat' dir='ltr'><strong>quoque</strong></span> <span class='ocrx_word' id='word_1_504' title='bbox 831 2470 887 2494; x_wconf 70' lang='lat' dir='ltr'><strong>add.</strong></span> <span class='ocrx_word' id='word_1_505' title='bbox 903 2470 923 2493; x_wconf 90' lang='lat' dir='ltr'><em>L</em></span> <span class='ocrx_word' id='word_1_506' title='bbox 1028 2470 1042 2493; x_wconf 73' lang='lat' dir='ltr'>G</span> <span class='ocrx_word' id='word_1_507' title='bbox 1063 2470 1150 2493; x_wconf 82' lang='lat' dir='ltr'><strong>usibus</strong></span> <span class='ocrx_word' id='word_1_508' title='bbox 1163 2471 1278 2497; x_wconf 71' lang='lat' dir='ltr'><strong>ingerens</strong></span> <span class='ocrx_word' id='word_1_509' title='bbox 1292 2469 1317 2497; x_wconf 78' lang='lat' dir='ltr'><strong>S,</strong></span> <span class='ocrx_word' id='word_1_510' title='bbox 1341 2470 1426 2491; x_wconf 76' lang='lat' dir='ltr'><strong>usibus</strong></span> <span class='ocrx_word' id='word_1_511' title='bbox 1446 2469 1559 2491; x_wconf 63' lang='lat' dir='ltr'><strong>humanis</strong></span> <span class='ocrx_word' id='word_1_512' title='bbox 1581 2470 1694 2497; x_wconf 73' lang='lat' dir='ltr'><strong>ingerens</strong></span> <span class='ocrx_word' id='word_1_513' title='bbox 1709 2469 1727 2491; x_wconf 91' lang='lat' dir='ltr'><em>L</em></span> 
     </span>
     <span class='ocr_line' id='line_1_51' title="bbox 143 2509 1761 2545; baseline -0.003 -6"><span class='ocrx_word' id='word_1_514' title='bbox 143 2517 307 2539; x_wconf 83' lang='lat' dir='ltr'><strong>ammirationi</strong></span> <span class='ocrx_word' id='word_1_515' title='bbox 320 2516 440 2545; x_wconf 85' lang='lat' dir='ltr'><strong>praebens</strong></span> <span class='ocrx_word' id='word_1_516' title='bbox 453 2516 583 2538; x_wconf 79' lang='lat' dir='ltr'><strong>memoriae</strong></span> <span class='ocrx_word' id='word_1_517' title='bbox 598 2515 619 2537; x_wconf 87' lang='lat' dir='ltr'><strong><em>B</em></strong></span> <span class='ocrx_word' id='word_1_518' title='bbox 720 2514 732 2536; x_wconf 81' lang='lat'>7</span> <span class='ocrx_word' id='word_1_519' title='bbox 752 2515 835 2543; x_wconf 82' lang='lat' dir='ltr'><strong>itaque</strong></span> <span class='ocrx_word' id='word_1_520' title='bbox 849 2527 881 2530; x_wconf 89' lang='lat'><strong>-—</strong></span> <span class='ocrx_word' id='word_1_521' title='bbox 895 2512 926 2536; x_wconf 74' lang='lat'><strong>28</strong></span> <span class='ocrx_word' id='word_1_522' title='bbox 940 2511 1062 2544; x_wconf 81' lang='lat' dir='ltr'><strong>restitnit]</strong></span> <span class='ocrx_word' id='word_1_523' title='bbox 1076 2520 1122 2536; x_wconf 81' lang='lat' dir='ltr'><strong>om.</strong></span> <span class='ocrx_word' id='word_1_524' title='bbox 1138 2512 1160 2534; x_wconf 90' lang='grc' dir='ltr'><em>Β</em></span> <span class='ocrx_word' id='word_1_525' title='bbox 1262 2511 1291 2534; x_wconf 81' lang='grc'><strong>13</strong></span> <span class='ocrx_word' id='word_1_526' title='bbox 1311 2512 1418 2534; x_wconf 83' lang='lat' dir='ltr'><strong>fulmine</strong></span> <span class='ocrx_word' id='word_1_527' title='bbox 1432 2509 1520 2543; x_wconf 73' lang='lat' dir='ltr'><strong>ictum]</strong></span> <span class='ocrx_word' id='word_1_528' title='bbox 1536 2511 1562 2533; x_wconf 76' lang='lat' dir='ltr'><em>M</em></span> <span class='ocrx_word' id='word_1_529' title='bbox 1677 2511 1704 2533; x_wconf 79' lang='lat'><strong>15</strong></span> <span class='ocrx_word' id='word_1_530' title='bbox 1726 2512 1761 2534; x_wconf 89' lang='lat' dir='ltr'><strong>in—</strong></span> 
     </span>
     <span class='ocr_line' id='line_1_52' title="bbox 143 2552 1727 2590; baseline -0.004 -8"><span class='ocrx_word' id='word_1_531' title='bbox 143 2557 248 2590; x_wconf 71' lang='lat' dir='ltr'><strong>oluerat]</strong></span> <span class='ocrx_word' id='word_1_532' title='bbox 268 2558 300 2587; x_wconf 79' lang='lat' dir='ltr'><strong>M,</strong></span> <span class='ocrx_word' id='word_1_533' title='bbox 323 2559 461 2581; x_wconf 83' lang='lat' dir='ltr'><strong>incaluerat</strong></span> <span class='ocrx_word' id='word_1_534' title='bbox 481 2558 501 2581; x_wconf 91' lang='lat' dir='ltr'><em>L</em></span> <span class='ocrx_word' id='word_1_535' title='bbox 607 2557 639 2581; x_wconf 70' lang='lat'><strong>*26</strong></span> <span class='ocrx_word' id='word_1_536' title='bbox 660 2557 751 2580; x_wconf 82' lang='lat' dir='ltr'><strong>niualis</strong></span> <span class='ocrx_word' id='word_1_537' title='bbox 771 2554 858 2588; x_wconf 81' lang='lat' dir='ltr'><strong>simul]</strong></span> <span class='ocrx_word' id='word_1_538' title='bbox 879 2556 913 2585; x_wconf 67' lang='lat' dir='ltr'><strong>JJ,</strong></span> <span class='ocrx_word' id='word_1_539' title='bbox 935 2556 1107 2578; x_wconf 81' lang='lat' dir='ltr'><strong>ualidissimus</strong></span> <span class='ocrx_word' id='word_1_540' title='bbox 1129 2555 1147 2577; x_wconf 87' lang='lat' dir='ltr'><em>L</em></span> <span class='ocrx_word' id='word_1_541' title='bbox 1252 2554 1283 2577; x_wconf 78' lang='lat'><strong>29</strong></span> <span class='ocrx_word' id='word_1_542' title='bbox 1303 2552 1372 2585; x_wconf 85' lang='lat' dir='ltr'><strong>nero]</strong></span> <span class='ocrx_word' id='word_1_543' title='bbox 1391 2561 1439 2577; x_wconf 75' lang='lat' dir='ltr'><strong>om.</strong></span> <span class='ocrx_word' id='word_1_544' title='bbox 1456 2554 1477 2576; x_wconf 84' lang='lat' dir='ltr'><em>B</em></span> <span class='ocrx_word' id='word_1_545' title='bbox 1582 2552 1648 2584; x_wconf 74' lang='lat' dir='ltr'><strong>cnm]</strong></span> <span class='ocrx_word' id='word_1_546' title='bbox 1668 2557 1691 2575; x_wconf 83' lang='lat' dir='ltr'><strong>et</strong></span> <span class='ocrx_word' id='word_1_547' title='bbox 1710 2553 1727 2575; x_wconf 90' lang='lat' dir='ltr'><em>L</em></span> 
     </span>
     <span class='ocr_line' id='line_1_53' title="bbox 143 2594 1763 2633; baseline -0.004 -9"><span class='ocrx_word' id='word_1_548' title='bbox 143 2599 255 2633; x_wconf 83' lang='lat' dir='ltr'><strong>sanetae]</strong></span> <span class='ocrx_word' id='word_1_549' title='bbox 275 2608 322 2623; x_wconf 84' lang='lat' dir='ltr'><strong>om.</strong></span> <span class='ocrx_word' id='word_1_550' title='bbox 340 2601 359 2623; x_wconf 95' lang='lat' dir='ltr'><em>L</em></span> <span class='ocrx_word' id='word_1_551' title='bbox 466 2600 497 2624; x_wconf 81' lang='lat'><strong>32</strong></span> <span class='ocrx_word' id='word_1_552' title='bbox 517 2601 639 2630; x_wconf 77' lang='lat' dir='ltr'><strong>praesidio</strong></span> <span class='ocrx_word' id='word_1_553' title='bbox 659 2600 769 2623; x_wconf 82' lang='lat' dir='ltr'><strong>ciuitatis</strong></span> <span class='ocrx_word' id='word_1_554' title='bbox 789 2600 891 2622; x_wconf 82' lang='lat' dir='ltr'><strong>aderant</strong></span> <span class='ocrx_word' id='word_1_555' title='bbox 912 2599 932 2621; x_wconf 77' lang='lat' dir='ltr'><strong><em>B</em></strong></span> <span class='ocrx_word' id='word_1_556' title='bbox 1037 2596 1064 2629; x_wconf 87' lang='lat' dir='ltr'><strong>ii]</strong></span> <span class='ocrx_word' id='word_1_557' title='bbox 1085 2598 1122 2620; x_wconf 81' lang='lat' dir='ltr'><strong>his</strong></span> <span class='ocrx_word' id='word_1_558' title='bbox 1142 2598 1163 2620; x_wconf 88' lang='grc' dir='ltr'><em>Β</em></span> <span class='ocrx_word' id='word_1_559' title='bbox 1280 2597 1311 2619; x_wconf 70' lang='lat'><strong>33</strong></span> <span class='ocrx_word' id='word_1_560' title='bbox 1332 2597 1395 2626; x_wconf 84' lang='lat' dir='ltr'><strong>septi</strong></span> <span class='ocrx_word' id='word_1_561' title='bbox 1415 2597 1544 2625; x_wconf 84' lang='lat' dir='ltr'><strong>potiuntur</strong></span> <span class='ocrx_word' id='word_1_562' title='bbox 1564 2594 1688 2627; x_wconf 78' lang='lat' dir='ltr'><strong>piscibus]</strong></span> <span class='ocrx_word' id='word_1_563' title='bbox 1707 2603 1763 2625; x_wconf 76' lang='lat' dir='ltr'><strong>sep-</strong></span> 
     </span>
     <span class='ocr_line' id='line_1_54' title="bbox 143 2637 1761 2673; baseline -0.003 -7"><span class='ocrx_word' id='word_1_564' title='bbox 143 2647 193 2667; x_wconf 86' lang='lat' dir='ltr'><strong>tem</strong></span> <span class='ocrx_word' id='word_1_565' title='bbox 217 2644 291 2673; x_wconf 80' lang='lat' dir='ltr'><strong>(saeui</strong></span> <span class='ocrx_word' id='word_1_566' title='bbox 313 2643 353 2672; x_wconf 76' lang='lat' dir='ltr'><strong>M)</strong></span> <span class='ocrx_word' id='word_1_567' title='bbox 375 2644 404 2666; x_wconf 87' lang='lat' dir='ltr'><strong>de</strong></span> <span class='ocrx_word' id='word_1_568' title='bbox 424 2644 533 2673; x_wconf 78' lang='lat' dir='ltr'><strong>piscibus</strong></span> <span class='ocrx_word' id='word_1_569' title='bbox 553 2644 675 2666; x_wconf 84' lang='lat' dir='ltr'><strong>uiolenter</strong></span> <span class='ocrx_word' id='word_1_570' title='bbox 693 2643 821 2672; x_wconf 86' lang='lat' dir='ltr'><strong>abripiunt</strong></span> <span class='ocrx_word' id='word_1_571' title='bbox 841 2642 861 2664; x_wconf 81' lang='grc' dir='ltr'><strong><em>Β</em></strong></span> <span class='ocrx_word' id='word_1_572' title='bbox 984 2641 1014 2664; x_wconf 70' lang='lat'><strong>34</strong></span> <span class='ocrx_word' id='word_1_573' title='bbox 1034 2642 1065 2663; x_wconf 75' lang='lat' dir='ltr'><strong>iis</strong></span> <span class='ocrx_word' id='word_1_574' title='bbox 1086 2638 1171 2671; x_wconf 86' lang='lat' dir='ltr'><strong>simul]</strong></span> <span class='ocrx_word' id='word_1_575' title='bbox 1190 2641 1236 2662; x_wconf 80' lang='lat' dir='ltr'><strong>sibi</strong></span> <span class='ocrx_word' id='word_1_576' title='bbox 1257 2640 1276 2662; x_wconf 69' lang='lat' dir='ltr'><strong>l:</strong></span> <span class='ocrx_word' id='word_1_577' title='bbox 1399 2639 1429 2662; x_wconf 73' lang='lat'><strong>:35</strong></span> <span class='ocrx_word' id='word_1_578' title='bbox 1449 2637 1490 2670; x_wconf 76' lang='lat' dir='ltr'><strong>dc]</strong></span> <span class='ocrx_word' id='word_1_579' title='bbox 1509 2646 1555 2661; x_wconf 79' lang='lat' dir='ltr'><strong>om.</strong></span> <span class='ocrx_word' id='word_1_580' title='bbox 1575 2639 1591 2660; x_wconf 74' lang='grc' dir='ltr'><strong>Ι,</strong></span> <span class='ocrx_word' id='word_1_581' title='bbox 1708 2637 1761 2669; x_wconf 72' lang='lat' dir='ltr'><strong>sed]</strong></span> 
     </span>
     <span class='ocr_line' id='line_1_55' title="bbox 143 2680 1760 2715; baseline -0.004 -6"><span class='ocrx_word' id='word_1_582' title='bbox 143 2695 190 2710; x_wconf 84' lang='lat' dir='ltr'><strong>om.</strong></span> <span class='ocrx_word' id='word_1_583' title='bbox 209 2686 229 2708; x_wconf 87' lang='lat' dir='ltr'><em>B</em></span> <span class='ocrx_word' id='word_1_584' title='bbox 335 2686 365 2709; x_wconf 74' lang='lat'><strong>36</strong></span> <span class='ocrx_word' id='word_1_585' title='bbox 386 2687 436 2709; x_wconf 92' lang='lat' dir='ltr'><strong>illic</strong></span> <span class='ocrx_word' id='word_1_586' title='bbox 455 2700 489 2703; x_wconf 88' lang='lat'><strong>—</strong></span> <span class='ocrx_word' id='word_1_587' title='bbox 507 2686 546 2709; x_wconf 82' lang='lat' dir='ltr'><strong>liic</strong></span> <span class='ocrx_word' id='word_1_588' title='bbox 565 2686 586 2708; x_wconf 85' lang='grc' dir='ltr'><strong><em>Β</em></strong></span> <span class='ocrx_word' id='word_1_589' title='bbox 690 2686 760 2714; x_wconf 77' lang='lat' dir='ltr'><strong>uigor</strong></span> <span class='ocrx_word' id='word_1_590' title='bbox 780 2685 799 2707; x_wconf 92' lang='lat' dir='ltr'><em>L</em></span> <span class='ocrx_word' id='word_1_591' title='bbox 912 2684 943 2707; x_wconf 64' lang='lat'><strong>33</strong></span> <span class='ocrx_word' id='word_1_592' title='bbox 963 2682 1031 2715; x_wconf 73' lang='lat' dir='ltr'><strong>igne]</strong></span> <span class='ocrx_word' id='word_1_593' title='bbox 1050 2686 1218 2712; x_wconf 74' lang='lat' dir='ltr'><strong>contemptum</strong></span> <span class='ocrx_word' id='word_1_594' title='bbox 1239 2682 1295 2705; x_wconf 76' lang='lat' dir='ltr'><strong>mld.</strong></span> <span class='ocrx_word' id='word_1_595' title='bbox 1313 2681 1344 2704; x_wconf 66' lang='lat' dir='ltr'><strong>B!</strong></span> <span class='ocrx_word' id='word_1_596' title='bbox 1449 2682 1562 2704; x_wconf 80' lang='lat' dir='ltr'><strong>exultant</strong></span> <span class='ocrx_word' id='word_1_597' title='bbox 1584 2681 1601 2703; x_wconf 80' lang='grc' dir='ltr'><strong>Ι,</strong></span> <span class='ocrx_word' id='word_1_598' title='bbox 1707 2680 1760 2712; x_wconf 79' lang='lat' dir='ltr'><strong>sed]</strong></span> 
     </span>
     <span class='ocr_line' id='line_1_56' title="bbox 142 2728 832 2752; baseline -0.003 0"><span class='ocrx_word' id='word_1_599' title='bbox 142 2737 191 2752; x_wconf 80' lang='lat' dir='ltr'><strong>om.</strong></span> <span class='ocrx_word' id='word_1_600' title='bbox 209 2729 229 2751; x_wconf 81' lang='lat' dir='ltr'><em>R</em></span> <span class='ocrx_word' id='word_1_601' title='bbox 334 2728 365 2752; x_wconf 79' lang='lat'><strong>39</strong></span> <span class='ocrx_word' id='word_1_602' title='bbox 385 2729 517 2751; x_wconf 83' lang='lat' dir='ltr'><strong>furibunda</strong></span> <span class='ocrx_word' id='word_1_603' title='bbox 535 2730 561 2751; x_wconf 90' lang='lat' dir='ltr'><strong>in</strong></span> <span class='ocrx_word' id='word_1_604' title='bbox 580 2736 675 2752; x_wconf 73' lang='lat' dir='ltr'><strong>cassum</strong></span> <span class='ocrx_word' id='word_1_605' title='bbox 695 2731 791 2751; x_wconf 81' lang='lat' dir='ltr'><strong>aestuat</strong></span> <span class='ocrx_word' id='word_1_606' title='bbox 812 2728 832 2750; x_wconf 87' lang='lat' dir='ltr'><em>B</em></span> 
     </span>
    </p>
   </div>
   <div class='ocr_carea' id='block_1_15' title="bbox 220 2778 1553 2798">
    <p class='ocr_par' dir='ltr' id='par_1_16' title="bbox 220 2778 1553 2798">
     <span class='ocr_line' id='line_1_57' title="bbox 220 2778 1553 2798; baseline 0 -1"><span class='ocrx_word' id='word_1_607' title='bbox 220 2779 350 2798; x_wconf 66' lang='lat' dir='ltr'><strong>Vr-:sasrrvs</strong></span> <span class='ocrx_word' id='word_1_608' title='bbox 366 2778 524 2798; x_wconf 62' lang='lat' dir='ltr'><strong>Fonssvsuvs.</strong></span> <span class='ocrx_word' id='word_1_609' title='bbox 1540 2779 1553 2797; x_wconf 54' lang='lat' dir='ltr'>S</span> 
     </span>
    </p>
   </div>
   <div class='ocr_carea' id='block_1_16' title="bbox 1788 1624 1830 1654">
    <p class='ocr_par' dir='ltr' id='par_1_17' title="bbox 1788 1624 1830 1654">
     <span class='ocr_line' id='line_1_58' title="bbox 1788 1624 1830 1654; baseline 0 0"><span class='ocrx_word' id='word_1_610' title='bbox 1788 1624 1830 1654; x_wconf 88' lang='lat' dir='ltr'><strong>IV</strong></span> 
     </span>
    </p>
   </div>
  </div>
 </body>
</html>
