2116 3010
34 2384 58 2414 A

825 623 994 652 SANCTVS

728 679 863 715 AMOR
890 681 1090 717 PATRIAE
1188 712 1211 734 ,Ξ
1235 704 1269 720 ⁷
1324 679 1376 740 ἐκ

869 749 947 774 DAT
1194 735 1222 794 ξ
1248 756 1267 801 «7
1326 722 1375 795 g?

796 801 930 834 ΑΝΙΜ
947 805 1023 837 VM.
1323 810 1381 853 sss<

845 879 963 884 *Q*
1187 833 1221 904 ἕ

756 925 980 945 FRANCOFVRTI
998 930 1022 946 A·
1036 930 1062 946 M·
1181 900 1188 907 ι
1212 872 1288 948 518
1310 919 1352 972 Z&

697 976 757 994 1111.
774 978 837 996 ΚΑΙ...
854 979 937 999 FEBR.
954 983 1109 1001 nncccxrx.
1182 989 1201 1011 x*
1216 961 1255 1010 (¹)
1269 967 1316 995 s?

178 1484 315 1516 Venanti
338 1485 504 1517 Fortunati
527 1488 591 1516 tam
615 1495 712 1527 opera
735 1486 859 1527 poetica
882 1497 976 1527 quam
1000 1497 1081 1527 quae
1106 1487 1210 1519 eidem
1234 1488 1458 1520 adscribuntur
1481 1489 1564 1520 vitae
1592 1494 1719 1522 sancto-

90 1553 160 1575 rum
188 1545 329 1585 pedestri
358 1554 501 1577 sermone
534 1546 731 1587 conscriptae
762 1556 831 1577 cum
863 1547 946 1578 inter
975 1550 1180 1578 monumenta
1212 1547 1404 1579 Germaniae
1436 1548 1585 1580 historica
1615 1550 1719 1581 denuo

91 1603 215 1635 edenda
238 1609 363 1639 essent,
398 1605 472 1645 illa⁷
509 1615 640 1646 quorum
664 1606 991 1646 recognoscendorum
1014 1607 1092 1638 mihi
1116 1617 1191 1638 cura
1216 1607 1408 1638 demandata
1432 1612 1496 1640 est.
1524 1609 1603 1640 haec
1626 1610 1718 1641 volu—

89 1663 184 1695 minis
214 1675 290 1706 pars
320 1665 405 1706 prior
435 1666 676 1706 complectetur,
715 1666 889 1697 carminum
922 1666 1043 1698 scilicet
1073 1666 1218 1698 undecim
1251 1667 1348 1698 libros
1380 1677 1449 1698 cum
1480 1668 1656 1709 appendice
1686 1674 1718 1701 et

89 1724 188 1755 vitam
212 1724 350 1756 Martini.

175 1784 243 1822 Quo
274 1784 307 1816 in
337 1795 431 1826 opere
463 1785 714 1817 administrando
744 1796 838 1826 quam
862 1785 1015 1817 rationem
1041 1790 1168 1818 secutus
1193 1787 1251 1817 sim
1276 1787 1477 1827 expositurus
1502 1788 1637 1828 primum
1661 1799 1715 1819 co-

89 1843 177 1875 dices
207 1844 321 1885 quibus
351 1845 396 1876 uti
426 1845 516 1877 licuit
546 1846 661 1877 multos
691 1849 722 1877 et
751 1849 892 1877 vetustos
928 1846 1059 1885 <scilicet
1088 1850 1159 1887 post
1189 1856 1273 1878 saec.
1301 1847 1347 1877 XI
1378 1857 1470 1878 nemo
1495 1848 1573 1879 tanti
1597 1847 1713 1879 fecisse

87 1903 214 1936 videtui·
236 1905 312 1936 boni
336 1905 515 1946 presbyteri
532 1908 690 1946 poemata⁷
720 1909 753 1936 ut
768 1905 893 1946 integra
909 1905 1111 1945 describeret)
1142 1916 1179 1937 eo
1204 1906 1313 1937 ordine
1337 1907 1518 1938 recensebo,
1546 1910 1579 1938 ut
1603 1908 1713 1939 solidis

88 1964 326 2005 exemplaribus
349 1964 522 2005 adiungam
546 1965 707 2005 eclogaria
731 1969 762 1996 et
786 1965 961 1996 decurtata.
1004 1965 1202 2006 exemplaria
1227 1966 1296 1997 dico
1314 1966 1460 1998 undecim
1477 1967 1627 1998 librorum
1645 1977 1712 1998 cor-

87 2024 190 2065 poris:
218 2024 257 2056 de
280 2024 347 2056 vita
369 2024 497 2056 Martini
521 2025 692 2066 separatim
716 2025 963 2066 disputabimus.

174 2084 246 2115 cod.
264 2084 429 2115 Parisinus
453 2084 572 2116 latinus
597 2086 679 2116 8312
704 2085 778 2116 olim
795 2085 998 2116 Colbertinus
1022 2085 1283 2117 membranaceus
1307 2085 1424 2117 formae
1448 2086 1623 2126 quadratae
1640 2096 1713 2118 sae-

87 2144 156 2176 culo
180 2145 211 2175 X
235 2144 388 2185 scriptus,
423 2144 569 2176 foliorum
595 2146 654 2176 180
686 2155 818 2184 quorum
850 2145 963 2175 ultima
992 2144 1053 2176 duo
1085 2155 1187 2176 vacua
1219 2149 1306 2185 sunt,
1341 2156 1489 2177 versuum
1519 2146 1552 2177 in
1577 2146 1712 2186 singulis

85 2204 213 2245 paginis
242 2204 426 2236 vicenorum
457 2214 622 2244 senorum,
661 2204 799 2236 continet
828 2204 1002 2236 carminum
1034 2204 1131 2236 libros
1162 2205 1320 2236 undecim.
1369 2206 1557 2246 pentametri
1587 2206 1626 2237 ab
1657 2216 1712 2236 ora

86 2264 215 2296 sinistra
238 2264 471 2304 aliquantulum
494 2265 629 2296 reducti.
680 2264 821 2296 secunda
850 2274 963 2296 manus
994 2265 1026 2296 in
1058 2265 1160 2306 priore
1184 2269 1273 2306 parte
1297 2265 1417 2303 multa,
1451 2275 1554 2306 pauca
1578 2265 1713 2296 correxit

85 2323 118 2354 in
141 2324 254 2355 altera.
304 2324 424 2356 contuli
448 2324 590 2355 Parisiis.

172 2383 241 2415 cod.
260 2384 423 2415 Parisinus
439 2384 559 2416 latinus
580 2386 695 2425 147144
716 2384 790 2415 olim
808 2384 1094 2424 Sangermanensis
1114 2384 1376 2416 membranaceus
1398 2384 1518 2415 formae
1535 2383 1710 2423 quadratae

85 2444 213 2475 saeculo
245 2444 293 2475 IX
323 2444 458 2485 scriptus
489 2443 630 2476 continet
659 2443 681 2474 f.
713 2445 835 2474 1—60r
866 2444 1038 2475 carminum
1066 2444 1162 2475 libros
1186 2443 1332 2475 undecim
1357 2454 1420 2475 una
1442 2454 1537 2474 manu
1562 2442 1706 2483 scriptos,

84 2504 124 2535 ab
153 2504 254 2536 altera
283 2504 411 2545 aequali
440 2504 552 2545 paucis
582 2503 661 2535 locis
693 2507 859 2535 correctos.
912 2504 1051 2544 paginae
1081 2507 1154 2535 sunt
1182 2503 1455 2544 quadragenorum
1486 2506 1708 2542 quaternorum

84 2573 244 2595 versuum.
294 2563 555 2604 quaternionibus
580 2567 704 2595 constat
727 2573 859 2603 quorum
883 2563 975 2594 tertio
999 2564 1112 2594 avulsa
1136 2567 1209 2595 sunt
1232 2564 1293 2594 duo
1318 2562 1393 2594 folia
1416 2562 1497 2594 inter
1521 2562 1543 2593 f.
1568 2564 1603 2592 15
1621 2565 1651 2593 et
1671 2563 1708 2591 16

88 2623 156 2664 (ΠΙ,
187 2625 236 2664 13,
265 2624 304 2655 39
327 2642 370 2646 -
393 2625 444 2663 26,
475 2624 537 2664 1⁸3),
564 2633 663 2654 unum
686 2623 768 2654 inter
792 2622 814 2654 f.
843 2625 878 2653 21
906 2626 938 2654 et
961 2625 1000 2653 22
1030 2624 1076 2663 (V,
1108 2625 1133 2661 1,
1165 2625 1197 2653 11
1225 2641 1266 2644 —
1291 2626 1319 2653 ὃ.
1352 2625 1362 2652 1
1390 2624 1482 2661 ext).
1530 2632 1589 2653 nec
1611 2621 1708 2653 verba

83 2682 150 2714 fere
175 2692 234 2715 nec
256 2692 368 2715 versus
393 2683 632 2722 discernuntur⁷
663 2682 761 2714 initiis
784 2685 907 2728 tantum
931 2682 1135 2714 distichorum
1160 2682 1260 2713 forma
1283 2682 1475 2720 litterarum,
1504 2691 1565 2712 11011
1589 2680 1703 2722 spatio,

84 2742 253 2774 distinctis.
303 2742 444 2775 codicem
468 2743 586 2775 contuli
609 2743 752 2774 Bonnam
776 2742 1008 2774 transmissum.
