<?xml version="1.0" encoding="UTF-8"?>
<!DOCTYPE html PUBLIC "-//W3C//DTD XHTML 1.0 Transitional//EN"
    "http://www.w3.org/TR/xhtml1/DTD/xhtml1-transitional.dtd">
<html xmlns="http://www.w3.org/1999/xhtml" xml:lang="en" lang="en">
 <head>
  <title>
</title>
<meta http-equiv="Content-Type" content="text/html;charset=utf-8" />
  <meta name='ocr-system' content='tesseract 3.04.00' />
  <meta name='ocr-capabilities' content='ocr_page ocr_carea ocr_par ocr_line ocrx_word'/>
</head>
<body>
  <div class='ocr_page' id='page_1' title='image "./monumentagermani04geseuoft/monumentagermani04geseuoft_0481.png"; bbox 0 0 2038 3036; ppageno 0'>
   <div class='ocr_carea' id='block_1_1' title="bbox 801 102 1725 136">
    <p class='ocr_par' dir='ltr' id='par_1_1' title="bbox 801 102 1725 136">
     <span class='ocr_line' id='line_1_1' title="bbox 801 102 1725 136; baseline 0.009 -8"><span class='ocrx_word' id='word_1_1' title='bbox 801 102 1028 130; x_wconf 81' lang='lat' dir='ltr'>PROOEMIVM.</span> <span class='ocrx_word' id='word_1_2' title='bbox 1667 106 1725 136; x_wconf 86' lang='lat' dir='ltr'>XV</span> 
     </span>
    </p>
   </div>
   <div class='ocr_carea' id='block_1_2' title="bbox 195 212 722 244">
    <p class='ocr_par' dir='ltr' id='par_1_2' title="bbox 195 212 722 244">
     <span class='ocr_line' id='line_1_2' title="bbox 195 212 722 244; baseline -0.002 -1"><span class='ocrx_word' id='word_1_3' title='bbox 195 213 222 244; x_wconf 82' lang='lat' dir='ltr'>A</span> <span class='ocrx_word' id='word_1_4' title='bbox 246 213 343 244; x_wconf 92' lang='lat' dir='ltr'>Paulo</span> <span class='ocrx_word' id='word_1_5' title='bbox 368 212 481 243; x_wconf 87' lang='lat' dir='ltr'>Ewald</span> <span class='ocrx_word' id='word_1_6' title='bbox 504 212 639 244; x_wconf 84' lang='lat' dir='ltr'>collatus</span> <span class='ocrx_word' id='word_1_7' title='bbox 663 216 722 244; x_wconf 87' lang='lat' dir='ltr'>est.</span> 
     </span>
    </p>
   </div>
   <div class='ocr_carea' id='block_1_3' title="bbox 106 271 1727 773">
    <p class='ocr_par' dir='ltr' id='par_1_3' title="bbox 107 271 1727 517">
     <span class='ocr_line' id='line_1_3' title="bbox 107 271 1721 315; baseline 0.001 -11"><span class='ocrx_word' id='word_1_8' title='bbox 107 273 134 304; x_wconf 94' lang='lat' dir='ltr'>V</span> <span class='ocrx_word' id='word_1_9' title='bbox 263 272 370 304; x_wconf 80' lang='lat' dir='ltr'>Codex</span> <span class='ocrx_word' id='word_1_10' title='bbox 394 271 566 303; x_wconf 76' lang='lat' dir='ltr'>Vaticanus</span> <span class='ocrx_word' id='word_1_11' title='bbox 589 272 669 311; x_wconf 86' lang='lat' dir='ltr'>Reg.</span> <span class='ocrx_word' id='word_1_12' title='bbox 697 271 876 304; x_wconf 88' lang='lat' dir='ltr'>Christinae</span> <span class='ocrx_word' id='word_1_13' title='bbox 900 284 947 304; x_wconf 89' lang='lat' dir='ltr'>nr.</span> <span class='ocrx_word' id='word_1_14' title='bbox 974 276 1035 304; x_wconf 74' lang='lat'>465</span> <span class='ocrx_word' id='word_1_15' title='bbox 1060 274 1148 305; x_wconf 87' lang='lat' dir='ltr'>Vitas</span> <span class='ocrx_word' id='word_1_16' title='bbox 1172 274 1325 313; x_wconf 71' lang='lat' dir='ltr'>Maur-ilii⁷</span> <span class='ocrx_word' id='word_1_17' title='bbox 1359 275 1485 313; x_wconf 89' lang='lat' dir='ltr'>Licinii,</span> <span class='ocrx_word' id='word_1_18' title='bbox 1520 275 1721 315; x_wconf 70' lang='lat' dir='ltr'>Magnobodi,</span> 
     </span>
     <span class='ocr_line' id='line_1_4' title="bbox 311 322 1724 365; baseline 0.001 -10"><span class='ocrx_word' id='word_1_19' title='bbox 311 323 484 363; x_wconf 65' lang='lat' dir='ltr'>samsonis,</span> <span class='ocrx_word' id='word_1_20' title='bbox 504 322 613 354; x_wconf 92' lang='lat' dir='ltr'>Albini</span> <span class='ocrx_word' id='word_1_21' title='bbox 628 326 659 354; x_wconf 88' lang='lat' dir='ltr'>et</span> <span class='ocrx_word' id='word_1_22' title='bbox 674 323 801 354; x_wconf 86' lang='lat' dir='ltr'>nomina</span> <span class='ocrx_word' id='word_1_23' title='bbox 818 324 1037 365; x_wconf 86' lang='lat' dir='ltr'>episcoporum</span> <span class='ocrx_word' id='word_1_24' title='bbox 1050 325 1342 365; x_wconf 77' lang='lat' dir='ltr'>Andegavensium.</span> <span class='ocrx_word' id='word_1_25' title='bbox 1363 326 1601 363; x_wconf 78' lang='lat' dir='ltr'>Senonensium,</span> <span class='ocrx_word' id='word_1_26' title='bbox 1624 326 1724 357; x_wconf 85' lang='lat' dir='ltr'>Aure—</span> 
     </span>
     <span class='ocr_line' id='line_1_5' title="bbox 311 374 1727 418; baseline 0.001 -12"><span class='ocrx_word' id='word_1_27' title='bbox 311 374 513 413; x_wconf 74' lang='lat' dir='ltr'>lianensium,</span> <span class='ocrx_word' id='word_1_28' title='bbox 542 374 831 406; x_wconf 85' lang='lat' dir='ltr'>Cenomanensium</span> <span class='ocrx_word' id='word_1_29' title='bbox 856 375 1004 407; x_wconf 83' lang='lat' dir='ltr'>continet.</span> <span class='ocrx_word' id='word_1_30' title='bbox 1052 376 1143 407; x_wconf 83' lang='lat' dir='ltr'>Vitae</span> <span class='ocrx_word' id='word_1_31' title='bbox 1168 377 1275 407; x_wconf 86' lang='lat' dir='ltr'>Albini</span> <span class='ocrx_word' id='word_1_32' title='bbox 1300 379 1452 418; x_wconf 82' lang='lat' dir='ltr'>prologus</span> <span class='ocrx_word' id='word_1_33' title='bbox 1476 377 1582 409; x_wconf 82' lang='lat' dir='ltr'><strong>deest:</strong></span> <span class='ocrx_word' id='word_1_34' title='bbox 1616 377 1727 418; x_wconf 80' lang='lat' dir='ltr'>incipit</span> 
     </span>
     <span class='ocr_line' id='line_1_6' title="bbox 314 426 1723 469; baseline 0.001 -12"><span class='ocrx_word' id='word_1_35' title='bbox 314 426 413 457; x_wconf 86' lang='lat' dir='ltr'>enim:</span> <span class='ocrx_word' id='word_1_36' title='bbox 436 427 544 466; x_wconf 77' lang='lat' dir='ltr'>Incipit</span> <span class='ocrx_word' id='word_1_37' title='bbox 559 427 625 456; x_wconf 76' lang='lat' dir='ltr'>uita</span> <span class='ocrx_word' id='word_1_38' title='bbox 640 427 684 456; x_wconf 68' lang='grc' dir='ltr'>εἶι</span> <span class='ocrx_word' id='word_1_39' title='bbox 701 436 736 456; x_wconf 74' lang='lat' dir='ltr'>ae</span> <span class='ocrx_word' id='word_1_40' title='bbox 752 426 917 456; x_wconf 69' lang='lat' dir='ltr'>beatissimi</span> <span class='ocrx_word' id='word_1_41' title='bbox 932 427 1027 457; x_wconf 71' lang='lat' dir='ltr'>albini</span> <span class='ocrx_word' id='word_1_42' title='bbox 1042 429 1087 467; x_wconf 62' lang='lat' dir='ltr'>effi</span> <span class='ocrx_word' id='word_1_43' title='bbox 1107 433 1132 458; x_wconf 80' lang='lat' dir='ltr'>el</span> <span class='ocrx_word' id='word_1_44' title='bbox 1149 430 1227 467; x_wconf 59' lang='lat' dir='ltr'>offis.</span> <span class='ocrx_word' id='word_1_45' title='bbox 1254 430 1470 469; x_wconf 65' lang='lat' dir='ltr'>Reliyiosorwn</span> <span class='ocrx_word' id='word_1_46' title='bbox 1493 430 1554 459; x_wconf 77' lang='grc'>111111</span> <span class='ocrx_word' id='word_1_47' title='bbox 1576 430 1723 458; x_wconf 71' lang='lat' dir='ltr'>uirorum.</span> 
     </span>
     <span class='ocr_line' id='line_1_7' title="bbox 313 476 780 517; baseline -0.002 -9"><span class='ocrx_word' id='word_1_48' title='bbox 313 496 353 499; x_wconf 97' lang='lat'><strong>—</strong></span> <span class='ocrx_word' id='word_1_49' title='bbox 378 477 451 508; x_wconf 84' lang='lat' dir='ltr'>Mau</span> <span class='ocrx_word' id='word_1_50' title='bbox 475 486 578 517; x_wconf 88' lang='lat' dir='ltr'>pauca</span> <span class='ocrx_word' id='word_1_51' title='bbox 601 476 780 517; x_wconf 79' lang='lat' dir='ltr'>exscripsit.</span> 
     </span>
    </p>

    <p class='ocr_par' dir='ltr' id='par_1_4' title="bbox 106 527 1727 672">
     <span class='ocr_line' id='line_1_8' title="bbox 106 527 1725 569; baseline 0.001 -10"><span class='ocrx_word' id='word_1_52' title='bbox 106 529 131 559; x_wconf 92' lang='lat' dir='ltr'>P</span> <span class='ocrx_word' id='word_1_53' title='bbox 259 528 392 560; x_wconf 81' lang='lat' dir='ltr'>Codices</span> <span class='ocrx_word' id='word_1_54' title='bbox 423 538 549 568; x_wconf 89' lang='lat' dir='ltr'>quoque</span> <span class='ocrx_word' id='word_1_55' title='bbox 580 527 775 559; x_wconf 88' lang='lat' dir='ltr'>Parisienses</span> <span class='ocrx_word' id='word_1_56' title='bbox 808 528 911 559; x_wconf 86' lang='lat' dir='ltr'>Latini</span> <span class='ocrx_word' id='word_1_57' title='bbox 939 539 985 559; x_wconf 92' lang='lat' dir='ltr'>nr.</span> <span class='ocrx_word' id='word_1_58' title='bbox 1014 530 1096 560; x_wconf 68' lang='lat'>3788</span> <span class='ocrx_word' id='word_1_59' title='bbox 1131 529 1196 569; x_wconf 86' lang='lat' dir='ltr'>(fol.</span> <span class='ocrx_word' id='word_1_60' title='bbox 1228 528 1453 569; x_wconf 66' lang='lat'>171⁷—175&#39;2›,</span> <span class='ocrx_word' id='word_1_61' title='bbox 1489 540 1572 561; x_wconf 86' lang='lat' dir='ltr'>saec.</span> <span class='ocrx_word' id='word_1_62' title='bbox 1600 530 1662 561; x_wconf 89' lang='lat' dir='ltr'>XII</span> <span class='ocrx_word' id='word_1_63' title='bbox 1686 549 1725 552; x_wconf 88' lang='lat'><strong>—</strong></span> 
     </span>
     <span class='ocr_line' id='line_1_9' title="bbox 312 576 1727 620; baseline 0.001 -10"><span class='ocrx_word' id='word_1_64' title='bbox 312 590 358 610; x_wconf 91' lang='lat' dir='ltr'>nr.</span> <span class='ocrx_word' id='word_1_65' title='bbox 385 580 468 610; x_wconf 72' lang='lat'>5230</span> <span class='ocrx_word' id='word_1_66' title='bbox 496 579 562 619; x_wconf 87' lang='lat' dir='ltr'>(fol.</span> <span class='ocrx_word' id='word_1_67' title='bbox 584 576 679 619; x_wconf 78' lang='lat'>132&#39;),</span> <span class='ocrx_word' id='word_1_68' title='bbox 707 588 791 610; x_wconf 88' lang='lat' dir='ltr'>saec.</span> <span class='ocrx_word' id='word_1_69' title='bbox 812 579 891 610; x_wconf 84' lang='lat' dir='ltr'>XIII</span> <span class='ocrx_word' id='word_1_70' title='bbox 913 598 955 601; x_wconf 97' lang='lat'><strong>—</strong></span> <span class='ocrx_word' id='word_1_71' title='bbox 978 590 1025 610; x_wconf 91' lang='lat' dir='ltr'>nr.</span> <span class='ocrx_word' id='word_1_72' title='bbox 1045 581 1127 610; x_wconf 75' lang='lat'>5318</span> <span class='ocrx_word' id='word_1_73' title='bbox 1153 580 1217 618; x_wconf 55' lang='lat' dir='ltr'>(fol,</span> <span class='ocrx_word' id='word_1_74' title='bbox 1237 579 1451 620; x_wconf 45' lang='lat' dir='ltr'>&amp;fs—2267).</span> <span class='ocrx_word' id='word_1_75' title='bbox 1480 591 1564 612; x_wconf 86' lang='lat' dir='ltr'>saec.</span> <span class='ocrx_word' id='word_1_76' title='bbox 1584 582 1663 612; x_wconf 84' lang='lat' dir='ltr'>XIII</span> <span class='ocrx_word' id='word_1_77' title='bbox 1687 600 1727 603; x_wconf 89' lang='lat'>—</span> 
     </span>
     <span class='ocr_line' id='line_1_10' title="bbox 311 630 1639 672; baseline 0.001 -11"><span class='ocrx_word' id='word_1_78' title='bbox 311 641 357 661; x_wconf 91' lang='lat' dir='ltr'>nr.</span> <span class='ocrx_word' id='word_1_79' title='bbox 378 632 470 669; x_wconf 74' lang='lat'>5324,</span> <span class='ocrx_word' id='word_1_80' title='bbox 497 630 629 672; x_wconf 81' lang='lat' dir='ltr'>prologo</span> <span class='ocrx_word' id='word_1_81' title='bbox 652 630 777 669; x_wconf 88' lang='lat' dir='ltr'>omisso,</span> <span class='ocrx_word' id='word_1_82' title='bbox 805 630 838 661; x_wconf 93' lang='lat' dir='ltr'>in</span> <span class='ocrx_word' id='word_1_83' title='bbox 864 633 1076 672; x_wconf 69' lang='lat' dir='ltr'>Reliysosorum</span> <span class='ocrx_word' id='word_1_84' title='bbox 1101 631 1268 671; x_wconf 87' lang='lat' dir='ltr'>incipiunt.</span> <span class='ocrx_word' id='word_1_85' title='bbox 1317 632 1380 663; x_wconf 90' lang='lat' dir='ltr'>Eos</span> <span class='ocrx_word' id='word_1_86' title='bbox 1404 632 1468 663; x_wconf 91' lang='lat' dir='ltr'>Leo</span> <span class='ocrx_word' id='word_1_87' title='bbox 1490 632 1639 672; x_wconf 85' lang='lat' dir='ltr'>inspexit.</span> 
     </span>
    </p>

    <p class='ocr_par' dir='ltr' id='par_1_5' title="bbox 107 681 1557 722">
     <span class='ocr_line' id='line_1_11' title="bbox 107 681 1557 722; baseline 0 -9"><span class='ocrx_word' id='word_1_88' title='bbox 107 682 138 712; x_wconf 90' lang='lat' dir='ltr'>X</span> <span class='ocrx_word' id='word_1_89' title='bbox 265 681 374 713; x_wconf 86' lang='lat' dir='ltr'>Codex</span> <span class='ocrx_word' id='word_1_90' title='bbox 398 682 431 713; x_wconf 87' lang='lat' dir='ltr'>S.</span> <span class='ocrx_word' id='word_1_91' title='bbox 457 681 640 720; x_wconf 84' lang='lat' dir='ltr'>Audomari,</span> <span class='ocrx_word' id='word_1_92' title='bbox 669 691 763 721; x_wconf 89' lang='lat' dir='ltr'>quem</span> <span class='ocrx_word' id='word_1_93' title='bbox 788 682 918 722; x_wconf 78' lang='lat' dir='ltr'>prologo</span> <span class='ocrx_word' id='word_1_94' title='bbox 943 682 1083 713; x_wconf 82' lang='lat' dir='ltr'>caruisse</span> <span class='ocrx_word' id='word_1_95' title='bbox 1108 682 1311 713; x_wconf 85' lang='lat' dir='ltr'>Bollandiani</span> <span class='ocrx_word' id='word_1_96' title='bbox 1335 686 1498 721; x_wconf 73' lang='lat' dir='ltr'>testantur,</span> <span class='ocrx_word' id='word_1_97' title='bbox 1527 687 1557 713; x_wconf 87' lang='lat' dir='ltr'>et</span> 
     </span>
    </p>

    <p class='ocr_par' dir='ltr' id='par_1_6' title="bbox 108 732 1604 773">
     <span class='ocr_line' id='line_1_12' title="bbox 108 732 1604 773; baseline 0.001 -10"><span class='ocrx_word' id='word_1_98' title='bbox 108 733 136 763; x_wconf 91' lang='lat' dir='ltr'>Y</span> <span class='ocrx_word' id='word_1_99' title='bbox 263 733 373 765; x_wconf 80' lang='lat' dir='ltr'>Codex</span> <span class='ocrx_word' id='word_1_100' title='bbox 396 734 429 764; x_wconf 76' lang='lat' dir='ltr'>S.</span> <span class='ocrx_word' id='word_1_101' title='bbox 455 732 620 764; x_wconf 80' lang='lat' dir='ltr'>Maximini</span> <span class='ocrx_word' id='word_1_102' title='bbox 643 732 862 771; x_wconf 85' lang='lat' dir='ltr'>Treverensis,</span> <span class='ocrx_word' id='word_1_103' title='bbox 891 743 952 773; x_wconf 85' lang='lat' dir='ltr'>quo</span> <span class='ocrx_word' id='word_1_104' title='bbox 976 733 1073 765; x_wconf 89' lang='lat' dir='ltr'>iidem</span> <span class='ocrx_word' id='word_1_105' title='bbox 1097 734 1145 764; x_wconf 89' lang='lat' dir='ltr'>usi</span> <span class='ocrx_word' id='word_1_106' title='bbox 1170 737 1251 765; x_wconf 74' lang='lat' dir='ltr'>sunt.</span> <span class='ocrx_word' id='word_1_107' title='bbox 1280 733 1404 765; x_wconf 89' lang='lat' dir='ltr'>mendis</span> <span class='ocrx_word' id='word_1_108' title='bbox 1428 734 1604 764; x_wconf 81' lang='lat' dir='ltr'>scatebant.</span> 
     </span>
    </p>
   </div>
   <div class='ocr_carea' id='block_1_4' title="bbox 108 801 1733 1947">
    <p class='ocr_par' dir='ltr' id='par_1_7' title="bbox 108 801 1729 962">
     <span class='ocr_line' id='line_1_13' title="bbox 192 801 1726 841; baseline 0.001 -9"><span class='ocrx_word' id='word_1_109' title='bbox 192 801 303 841; x_wconf 83' lang='lat' dir='ltr'>Neque</span> <span class='ocrx_word' id='word_1_110' title='bbox 319 801 432 832; x_wconf 88' lang='lat' dir='ltr'>melior</span> <span class='ocrx_word' id='word_1_111' title='bbox 447 801 666 833; x_wconf 78' lang='lat' dir='ltr'>Bruxellensis</span> <span class='ocrx_word' id='word_1_112' title='bbox 681 811 729 832; x_wconf 87' lang='lat' dir='ltr'>nr.</span> <span class='ocrx_word' id='word_1_113' title='bbox 749 802 928 839; x_wconf 77' lang='lat'>207—208,</span> <span class='ocrx_word' id='word_1_114' title='bbox 948 811 1033 833; x_wconf 87' lang='lat' dir='ltr'>saec.</span> <span class='ocrx_word' id='word_1_115' title='bbox 1053 801 1132 833; x_wconf 90' lang='lat' dir='ltr'>XIII</span> <span class='ocrx_word' id='word_1_116' title='bbox 1149 805 1207 834; x_wconf 83' lang='lat' dir='ltr'>est.</span> <span class='ocrx_word' id='word_1_117' title='bbox 1231 811 1324 841; x_wconf 88' lang='lat' dir='ltr'>quem</span> <span class='ocrx_word' id='word_1_118' title='bbox 1341 801 1554 839; x_wconf 86' lang='lat' dir='ltr'>Bollandiani,</span> <span class='ocrx_word' id='word_1_119' title='bbox 1574 802 1726 833; x_wconf 81' lang='lat' dir='ltr'>Analecta</span> 
     </span>
     <span class='ocr_line' id='line_1_14' title="bbox 109 860 1729 902; baseline 0 -10"><span class='ocrx_word' id='word_1_120' title='bbox 109 860 165 900; x_wconf 88' lang='grc' dir='ltr'>ΙΙΙ,</span> <span class='ocrx_word' id='word_1_121' title='bbox 198 863 254 891; x_wconf 76' lang='lat'>144</span> <span class='ocrx_word' id='word_1_122' title='bbox 286 871 386 902; x_wconf 85' lang='lat' dir='ltr'>nuper</span> <span class='ocrx_word' id='word_1_123' title='bbox 416 861 517 892; x_wconf 85' lang='lat' dir='ltr'>fusius</span> <span class='ocrx_word' id='word_1_124' title='bbox 548 861 797 902; x_wconf 89' lang='lat' dir='ltr'>descripserunt.</span> <span class='ocrx_word' id='word_1_125' title='bbox 844 860 943 892; x_wconf 85' lang='lat' dir='ltr'>Foliis</span> <span class='ocrx_word' id='word_1_126' title='bbox 971 862 1028 893; x_wconf 78' lang='lat'>129</span> <span class='ocrx_word' id='word_1_127' title='bbox 1053 865 1084 893; x_wconf 90' lang='lat' dir='ltr'>et</span> <span class='ocrx_word' id='word_1_128' title='bbox 1112 863 1168 892; x_wconf 80' lang='lat'>130</span> <span class='ocrx_word' id='word_1_129' title='bbox 1203 860 1318 892; x_wconf 76' lang='lat' dir='ltr'>excisis</span> <span class='ocrx_word' id='word_1_130' title='bbox 1347 861 1381 892; x_wconf 94' lang='lat' dir='ltr'>in</span> <span class='ocrx_word' id='word_1_131' title='bbox 1411 861 1517 892; x_wconf 86' lang='lat' dir='ltr'>verbis</span> <span class='ocrx_word' id='word_1_132' title='bbox 1549 864 1650 901; x_wconf 71' lang='lat' dir='ltr'>ltaque</span> <span class='ocrx_word' id='word_1_133' title='bbox 1681 874 1729 892; x_wconf 72' lang='lat'>01:-</span> 
     </span>
     <span class='ocr_line' id='line_1_15' title="bbox 108 920 712 962; baseline 0 -11"><span class='ocrx_word' id='word_1_134' title='bbox 108 925 248 951; x_wconf 74' lang='lat' dir='ltr'>currente</span> <span class='ocrx_word' id='word_1_135' title='bbox 277 921 369 961; x_wconf 88' lang='lat' dir='ltr'>(infra</span> <span class='ocrx_word' id='word_1_136' title='bbox 390 931 422 962; x_wconf 89' lang='lat' dir='ltr'>p.</span> <span class='ocrx_word' id='word_1_137' title='bbox 442 922 491 959; x_wconf 83' lang='lat'>31,</span> <span class='ocrx_word' id='word_1_138' title='bbox 516 922 554 962; x_wconf 87' lang='grc'>11)</span> <span class='ocrx_word' id='word_1_139' title='bbox 585 920 712 952; x_wconf 88' lang='lat' dir='ltr'>desinit.</span> 
     </span>
    </p>

    <p class='ocr_par' dir='ltr' id='par_1_8' title="bbox 264 989 1729 1133">
     <span class='ocr_line' id='line_1_16' title="bbox 264 989 1729 1029; baseline 0 -10"><span class='ocrx_word' id='word_1_140' title='bbox 264 991 385 1029; x_wconf 68' lang='lat' dir='ltr'>Sarius,</span> <span class='ocrx_word' id='word_1_141' title='bbox 412 992 455 1020; x_wconf 85' lang='lat' dir='ltr'>De</span> <span class='ocrx_word' id='word_1_142' title='bbox 475 990 613 1029; x_wconf 75' lang='lat' dir='ltr'>probatis</span> <span class='ocrx_word' id='word_1_143' title='bbox 637 994 811 1019; x_wconf 75' lang='lat' dir='ltr'>scmclorum</span> <span class='ocrx_word' id='word_1_144' title='bbox 834 990 979 1028; x_wconf 78' lang='lat' dir='ltr'>historiis,</span> <span class='ocrx_word' id='word_1_145' title='bbox 1008 990 1146 1019; x_wconf 68' lang='lat' dir='ltr'>Coloniae</span> <span class='ocrx_word' id='word_1_146' title='bbox 1167 991 1260 1027; x_wconf 68' lang='lat'>1:571,</span> <span class='ocrx_word' id='word_1_147' title='bbox 1289 989 1330 1027; x_wconf 93' lang='grc' dir='ltr'>ΙΙ,</span> <span class='ocrx_word' id='word_1_148' title='bbox 1354 992 1380 1028; x_wconf 89' lang='grc'>1,</span> <span class='ocrx_word' id='word_1_149' title='bbox 1408 989 1518 1021; x_wconf 81' lang='lat' dir='ltr'>codice</span> <span class='ocrx_word' id='word_1_150' title='bbox 1543 999 1618 1020; x_wconf 84' lang='lat' dir='ltr'>usus</span> <span class='ocrx_word' id='word_1_151' title='bbox 1640 993 1688 1020; x_wconf 84' lang='lat' dir='ltr'>est</span> <span class='ocrx_word' id='word_1_152' title='bbox 1704 989 1729 1019; x_wconf 89' lang='grc' dir='ltr'><strong>Ε</strong></span> 
     </span>
     <span class='ocr_line' id='line_1_17' title="bbox 312 1040 1725 1082; baseline -0.001 -10"><span class='ocrx_word' id='word_1_153' title='bbox 312 1040 423 1079; x_wconf 87' lang='grc'>51111111,</span> <span class='ocrx_word' id='word_1_154' title='bbox 462 1040 546 1072; x_wconf 90' lang='grc'>110116</span> <span class='ocrx_word' id='word_1_155' title='bbox 577 1040 744 1082; x_wconf 83' lang='lat' dir='ltr'>prologum</span> <span class='ocrx_word' id='word_1_156' title='bbox 774 1040 806 1071; x_wconf 92' lang='lat' dir='ltr'>in</span> <span class='ocrx_word' id='word_1_157' title='bbox 837 1040 999 1081; x_wconf 87' lang='lat' dir='ltr'>plerisque</span> <span class='ocrx_word' id='word_1_158' title='bbox 1030 1040 1119 1071; x_wconf 84' lang='lat' dir='ltr'>libris</span> <span class='ocrx_word' id='word_1_159' title='bbox 1149 1050 1243 1071; x_wconf 88' lang='lat' dir='ltr'>manu</span> <span class='ocrx_word' id='word_1_160' title='bbox 1274 1040 1399 1081; x_wconf 79' lang='lat' dir='ltr'>scriptis</span> <span class='ocrx_word' id='word_1_161' title='bbox 1431 1040 1579 1072; x_wconf 86' lang='grc'>0011551101</span> <span class='ocrx_word' id='word_1_162' title='bbox 1612 1041 1725 1072; x_wconf 81' lang='lat' dir='ltr'>hausit.</span> 
     </span>
     <span class='ocr_line' id='line_1_18' title="bbox 314 1092 891 1133; baseline 0 -11"><span class='ocrx_word' id='word_1_163' title='bbox 314 1092 566 1133; x_wconf 82' lang='lat' dir='ltr'>praescriptione</span> <span class='ocrx_word' id='word_1_164' title='bbox 589 1095 697 1123; x_wconf 87' lang='lat' dir='ltr'>tamen</span> <span class='ocrx_word' id='word_1_165' title='bbox 721 1095 891 1123; x_wconf 88' lang='lat' dir='ltr'>carentem.</span> 
     </span>
    </p>

    <p class='ocr_par' dir='ltr' id='par_1_9' title="bbox 263 1143 1730 1236">
     <span class='ocr_line' id='line_1_19' title="bbox 263 1143 1730 1183; baseline 0 -10"><span class='ocrx_word' id='word_1_166' title='bbox 263 1143 417 1183; x_wconf 69' lang='lat' dir='ltr'>Mabdlon,</span> <span class='ocrx_word' id='word_1_167' title='bbox 442 1143 515 1174; x_wconf 78' lang='lat' dir='ltr'>Acta</span> <span class='ocrx_word' id='word_1_168' title='bbox 532 1148 705 1174; x_wconf 76' lang='lat' dir='ltr'>sanctorum</span> <span class='ocrx_word' id='word_1_169' title='bbox 723 1144 839 1173; x_wconf 76' lang='lat' dir='ltr'>ordinis</span> <span class='ocrx_word' id='word_1_170' title='bbox 858 1145 888 1173; x_wconf 86' lang='lat' dir='ltr'>S.</span> <span class='ocrx_word' id='word_1_171' title='bbox 909 1144 1070 1178; x_wconf 69' lang='lat' dir='ltr'>Beneclicli,</span> <span class='ocrx_word' id='word_1_172' title='bbox 1095 1144 1223 1173; x_wconf 77' lang='lat' dir='ltr'>Parisiis</span> <span class='ocrx_word' id='word_1_173' title='bbox 1244 1145 1332 1181; x_wconf 72' lang='grc'>1668,</span> <span class='ocrx_word' id='word_1_174' title='bbox 1356 1143 1446 1174; x_wconf 80' lang='lat' dir='ltr'>Saec.</span> <span class='ocrx_word' id='word_1_175' title='bbox 1467 1143 1489 1173; x_wconf 94' lang='lat' dir='ltr'>I.</span> <span class='ocrx_word' id='word_1_176' title='bbox 1518 1144 1582 1179; x_wconf 70' lang='lat'>108,</span> <span class='ocrx_word' id='word_1_177' title='bbox 1610 1146 1730 1173; x_wconf 80' lang='lat' dir='ltr'>textum</span> 
     </span>
     <span class='ocr_line' id='line_1_20' title="bbox 315 1193 1725 1236; baseline -0.001 -11"><span class='ocrx_word' id='word_1_178' title='bbox 315 1194 485 1226; x_wconf 74' lang='lat' dir='ltr'>Surianum</span> <span class='ocrx_word' id='word_1_179' title='bbox 509 1194 666 1236; x_wconf 87' lang='lat' dir='ltr'>repetivit,</span> <span class='ocrx_word' id='word_1_180' title='bbox 695 1204 789 1234; x_wconf 89' lang='lat' dir='ltr'>quem</span> <span class='ocrx_word' id='word_1_181' title='bbox 812 1194 864 1225; x_wconf 90' lang='lat' dir='ltr'>hie</span> <span class='ocrx_word' id='word_1_182' title='bbox 887 1194 954 1225; x_wconf 88' lang='lat' dir='ltr'>illie</span> <span class='ocrx_word' id='word_1_183' title='bbox 981 1202 1015 1225; x_wconf 70' lang='lat' dir='ltr'>‘e</span> <span class='ocrx_word' id='word_1_184' title='bbox 1037 1193 1160 1225; x_wconf 87' lang='lat' dir='ltr'>duobus</span> <span class='ocrx_word' id='word_1_185' title='bbox 1183 1193 1343 1225; x_wconf 80' lang='lat' dir='ltr'>veteribus</span> <span class='ocrx_word' id='word_1_186' title='bbox 1364 1195 1450 1225; x_wconf 52' lang='lat' dir='ltr'>mss?</span> <span class='ocrx_word' id='word_1_187' title='bbox 1476 1194 1559 1225; x_wconf 86' lang='lat' dir='ltr'>male</span> <span class='ocrx_word' id='word_1_188' title='bbox 1584 1194 1725 1224; x_wconf 76' lang='lat' dir='ltr'>mutavit.</span> 
     </span>
    </p>

    <p class='ocr_par' dir='ltr' id='par_1_10' title="bbox 262 1245 1731 1492">
     <span class='ocr_line' id='line_1_21' title="bbox 262 1245 1731 1286; baseline 0 -11"><span class='ocrx_word' id='word_1_189' title='bbox 262 1247 468 1286; x_wconf 76' lang='lat' dir='ltr'>Bollctmlicmi,</span> <span class='ocrx_word' id='word_1_190' title='bbox 496 1246 570 1277; x_wconf 76' lang='lat' dir='ltr'>Acta</span> <span class='ocrx_word' id='word_1_191' title='bbox 595 1251 778 1284; x_wconf 69' lang='lat' dir='ltr'>sanctorum,</span> <span class='ocrx_word' id='word_1_192' title='bbox 806 1245 990 1285; x_wconf 60' lang='lat' dir='ltr'>Anti-ermae</span> <span class='ocrx_word' id='word_1_193' title='bbox 1017 1248 1107 1285; x_wconf 83' lang='grc'>1668,</span> <span class='ocrx_word' id='word_1_194' title='bbox 1134 1246 1226 1276; x_wconf 88' lang='lat' dir='ltr'>Mart.</span> <span class='ocrx_word' id='word_1_195' title='bbox 1252 1245 1274 1277; x_wconf 74' lang='grc' dir='ltr'>Ι,</span> <span class='ocrx_word' id='word_1_196' title='bbox 1297 1247 1335 1276; x_wconf 73' lang='grc'>57</span> <span class='ocrx_word' id='word_1_197' title='bbox 1360 1245 1433 1276; x_wconf 85' lang='lat' dir='ltr'>item</span> <span class='ocrx_word' id='word_1_198' title='bbox 1459 1245 1542 1276; x_wconf 76' lang='lat' dir='ltr'>Surii</span> <span class='ocrx_word' id='word_1_199' title='bbox 1567 1246 1731 1285; x_wconf 85' lang='lat' dir='ltr'>exemplar</span> 
     </span>
     <span class='ocr_line' id='line_1_22' title="bbox 314 1296 1729 1338; baseline -0.003 -9"><span class='ocrx_word' id='word_1_200' title='bbox 314 1297 539 1338; x_wconf 77' lang='lat' dir='ltr'>repetiverunt,</span> <span class='ocrx_word' id='word_1_201' title='bbox 568 1297 653 1337; x_wconf 92' lang='lat' dir='ltr'>quod</span> <span class='ocrx_word' id='word_1_202' title='bbox 676 1307 747 1328; x_wconf 89' lang='lat' dir='ltr'>cum</span> <span class='ocrx_word' id='word_1_203' title='bbox 771 1297 896 1328; x_wconf 89' lang='lat' dir='ltr'>duobus</span> <span class='ocrx_word' id='word_1_204' title='bbox 921 1296 1082 1328; x_wconf 82' lang='lat' dir='ltr'>codicibus</span> <span class='ocrx_word' id='word_1_205' title='bbox 1106 1297 1319 1328; x_wconf 87' lang='lat' dir='ltr'>contulerunt:</span> <span class='ocrx_word' id='word_1_206' title='bbox 1348 1296 1388 1327; x_wconf 85' lang='lat' dir='ltr'>ef.</span> <span class='ocrx_word' id='word_1_207' title='bbox 1415 1297 1437 1327; x_wconf 91' lang='lat' dir='ltr'>l.</span> <span class='ocrx_word' id='word_1_208' title='bbox 1457 1297 1479 1327; x_wconf 96' lang='lat' dir='ltr'>l.</span> <span class='ocrx_word' id='word_1_209' title='bbox 1505 1306 1536 1336; x_wconf 91' lang='lat' dir='ltr'>p.</span> <span class='ocrx_word' id='word_1_210' title='bbox 1558 1299 1614 1326; x_wconf 69' lang='lat'>55:</span> <span class='ocrx_word' id='word_1_211' title='bbox 1642 1306 1729 1335; x_wconf 72' lang='lat' dir='ltr'>quum</span> 
     </span>
     <span class='ocr_line' id='line_1_23' title="bbox 315 1348 1730 1389; baseline -0.002 -10"><span class='ocrx_word' id='word_1_212' title='bbox 315 1350 381 1379; x_wconf 75' lang='lat' dir='ltr'>(lein</span> <span class='ocrx_word' id='word_1_213' title='bbox 407 1350 591 1389; x_wconf 72' lang='lat' dir='ltr'>Roswcgsdzcs</span> <span class='ocrx_word' id='word_1_214' title='bbox 623 1360 688 1381; x_wconf 77' lang='lat' dir='ltr'>cum</span> <span class='ocrx_word' id='word_1_215' title='bbox 723 1359 780 1379; x_wconf 77' lang='lat' dir='ltr'>uno</span> <span class='ocrx_word' id='word_1_216' title='bbox 804 1351 861 1380; x_wconf 81' lang='lat' dir='ltr'>Ms.</span> <span class='ocrx_word' id='word_1_217' title='bbox 889 1349 1003 1385; x_wconf 79' lang='lat' dir='ltr'>codice,</span> <span class='ocrx_word' id='word_1_218' title='bbox 1039 1358 1091 1378; x_wconf 77' lang='lat' dir='ltr'>nos</span> <span class='ocrx_word' id='word_1_219' title='bbox 1118 1359 1184 1378; x_wconf 76' lang='lat' dir='ltr'>cum</span> <span class='ocrx_word' id='word_1_220' title='bbox 1210 1348 1323 1377; x_wconf 65' lang='lat' dir='ltr'>(limbus</span> <span class='ocrx_word' id='word_1_221' title='bbox 1349 1349 1418 1377; x_wconf 69' lang='lat' dir='ltr'>(iliis</span> <span class='ocrx_word' id='word_1_222' title='bbox 1443 1349 1636 1385; x_wconf 66' lang='lat' dir='ltr'>contulimus,</span> <span class='ocrx_word' id='word_1_223' title='bbox 1674 1358 1730 1376; x_wconf 77' lang='lat' dir='ltr'>uno</span> 
     </span>
     <span class='ocr_line' id='line_1_24' title="bbox 316 1398 1728 1439; baseline -0.001 -9"><span class='ocrx_word' id='word_1_224' title='bbox 316 1402 455 1431; x_wconf 68' lang='lat' dir='ltr'>ecclesiae</span> <span class='ocrx_word' id='word_1_225' title='bbox 480 1402 512 1430; x_wconf 90' lang='lat' dir='ltr'>S.</span> <span class='ocrx_word' id='word_1_226' title='bbox 539 1400 708 1431; x_wconf 72' lang='lat' dir='ltr'>Audomari</span> <span class='ocrx_word' id='word_1_227' title='bbox 735 1400 783 1439; x_wconf 69' lang='grc' dir='ltr'>(Ξ</span> <span class='ocrx_word' id='word_1_228' title='bbox 801 1399 855 1439; x_wconf 78' lang='lat' dir='ltr'>X),</span> <span class='ocrx_word' id='word_1_229' title='bbox 885 1401 978 1430; x_wconf 74' lang='grc'>1111610</span> <span class='ocrx_word' id='word_1_230' title='bbox 1003 1401 1179 1430; x_wconf 60' lang='lat' dir='ltr'>monasterii</span> <span class='ocrx_word' id='word_1_231' title='bbox 1203 1403 1234 1429; x_wconf 68' lang='lat' dir='ltr'>S.</span> <span class='ocrx_word' id='word_1_232' title='bbox 1262 1400 1429 1429; x_wconf 51' lang='lat' dir='ltr'>rllaoeimini</span> <span class='ocrx_word' id='word_1_233' title='bbox 1455 1400 1587 1428; x_wconf 68' lang='lat' dir='ltr'>Treviris</span> <span class='ocrx_word' id='word_1_234' title='bbox 1609 1400 1658 1438; x_wconf 84' lang='lat'>(=</span> <span class='ocrx_word' id='word_1_235' title='bbox 1675 1398 1728 1437; x_wconf 80' lang='lat' dir='ltr'>Y).</span> 
     </span>
     <span class='ocr_line' id='line_1_25' title="bbox 316 1451 1095 1492; baseline -0.001 -10"><span class='ocrx_word' id='word_1_236' title='bbox 316 1451 494 1492; x_wconf 83' lang='lat' dir='ltr'>Rosweydo</span> <span class='ocrx_word' id='word_1_237' title='bbox 517 1454 623 1483; x_wconf 87' lang='lat' dir='ltr'>autem</span> <span class='ocrx_word' id='word_1_238' title='bbox 646 1451 877 1482; x_wconf 85' lang='lat' dir='ltr'>Escorialensis</span> <span class='ocrx_word' id='word_1_239' title='bbox 901 1454 993 1482; x_wconf 88' lang='lat' dir='ltr'>notus</span> <span class='ocrx_word' id='word_1_240' title='bbox 1018 1453 1095 1481; x_wconf 84' lang='lat' dir='ltr'>erat.</span> 
     </span>
    </p>

    <p class='ocr_par' dir='ltr' id='par_1_11' title="bbox 267 1500 1731 1595">
     <span class='ocr_line' id='line_1_26' title="bbox 267 1500 1731 1543; baseline -0.001 -11"><span class='ocrx_word' id='word_1_241' title='bbox 267 1505 406 1543; x_wconf 75' lang='lat' dir='ltr'>Bouqzcec,</span> <span class='ocrx_word' id='word_1_242' title='bbox 435 1504 553 1533; x_wconf 76' lang='grc' dir='ltr'>1160116ίί</span> <span class='ocrx_word' id='word_1_243' title='bbox 576 1504 627 1533; x_wconf 78' lang='lat' dir='ltr'>(les</span> <span class='ocrx_word' id='word_1_244' title='bbox 651 1503 812 1533; x_wconf 73' lang='lat' dir='ltr'>historiens</span> <span class='ocrx_word' id='word_1_245' title='bbox 836 1503 887 1533; x_wconf 75' lang='lat' dir='ltr'>(les</span> <span class='ocrx_word' id='word_1_246' title='bbox 913 1503 1034 1538; x_wconf 68' lang='lat' dir='ltr'>Gaules,</span> <span class='ocrx_word' id='word_1_247' title='bbox 1064 1502 1192 1531; x_wconf 69' lang='lat' dir='ltr'>Parisiis</span> <span class='ocrx_word' id='word_1_248' title='bbox 1220 1503 1314 1539; x_wconf 71' lang='lat'>1741,</span> <span class='ocrx_word' id='word_1_249' title='bbox 1342 1500 1398 1539; x_wconf 89' lang='grc' dir='ltr'>ΠΙ,</span> <span class='ocrx_word' id='word_1_250' title='bbox 1428 1502 1484 1530; x_wconf 74' lang='grc'>121</span> <span class='ocrx_word' id='word_1_251' title='bbox 1512 1510 1529 1531; x_wconf 85' lang='grc'>6</span> <span class='ocrx_word' id='word_1_252' title='bbox 1549 1500 1731 1531; x_wconf 86' lang='lat' dir='ltr'>Mabillonio</span> 
     </span>
     <span class='ocr_line' id='line_1_27' title="bbox 317 1553 681 1595; baseline 0 -10"><span class='ocrx_word' id='word_1_253' title='bbox 317 1554 489 1595; x_wconf 87' lang='lat' dir='ltr'>particulas</span> <span class='ocrx_word' id='word_1_254' title='bbox 513 1553 681 1595; x_wconf 78' lang='lat' dir='ltr'>excerpsit.</span> 
     </span>
    </p>

    <p class='ocr_par' dir='ltr' id='par_1_12' title="bbox 268 1602 1731 1696">
     <span class='ocr_line' id='line_1_28' title="bbox 268 1602 1731 1647; baseline -0.001 -12"><span class='ocrx_word' id='word_1_255' title='bbox 268 1606 362 1636; x_wconf 74' lang='lat' dir='ltr'>Luchs</span> <span class='ocrx_word' id='word_1_256' title='bbox 383 1616 414 1646; x_wconf 86' lang='lat' dir='ltr'>p.</span> <span class='ocrx_word' id='word_1_257' title='bbox 440 1608 477 1636; x_wconf 71' lang='lat'>54</span> <span class='ocrx_word' id='word_1_258' title='bbox 507 1606 557 1645; x_wconf 57' lang='grc' dir='ltr'>(Ξ</span> <span class='ocrx_word' id='word_1_259' title='bbox 582 1607 681 1647; x_wconf 59' lang='lat' dir='ltr'>Illique</span> <span class='ocrx_word' id='word_1_260' title='bbox 705 1604 913 1643; x_wconf 83' lang='lat' dir='ltr'>LXXXVIII,</span> <span class='ocrx_word' id='word_1_261' title='bbox 942 1614 973 1645; x_wconf 92' lang='lat' dir='ltr'>p.</span> <span class='ocrx_word' id='word_1_262' title='bbox 993 1604 1063 1642; x_wconf 69' lang='lat'>479)</span> <span class='ocrx_word' id='word_1_263' title='bbox 1092 1603 1196 1634; x_wconf 88' lang='lat' dir='ltr'>Vitam</span> <span class='ocrx_word' id='word_1_264' title='bbox 1221 1613 1254 1634; x_wconf 88' lang='lat' dir='ltr'>se</span> <span class='ocrx_word' id='word_1_265' title='bbox 1278 1602 1372 1634; x_wconf 89' lang='grc'>611616</span> <span class='ocrx_word' id='word_1_266' title='bbox 1396 1602 1533 1644; x_wconf 69' lang='lat' dir='ltr'>scripsit,</span> <span class='ocrx_word' id='word_1_267' title='bbox 1572 1605 1622 1633; x_wconf 87' lang='lat' dir='ltr'>·ut</span> <span class='ocrx_word' id='word_1_268' title='bbox 1644 1605 1731 1633; x_wconf 83' lang='lat' dir='ltr'>extat</span> 
     </span>
     <span class='ocr_line' id='line_1_29' title="bbox 320 1654 1227 1696; baseline -0.003 -8"><span class='ocrx_word' id='word_1_269' title='bbox 320 1657 447 1688; x_wconf 88' lang='lat' dir='ltr'>saeculo</span> <span class='ocrx_word' id='word_1_270' title='bbox 471 1657 485 1688; x_wconf 91' lang='lat' dir='ltr'>I</span> <span class='ocrx_word' id='word_1_271' title='bbox 509 1657 653 1691; x_wconf 77' lang='lat' dir='ltr'>Bened.⁷,</span> <span class='ocrx_word' id='word_1_272' title='bbox 681 1656 738 1688; x_wconf 85' lang='lat' dir='ltr'>sed</span> <span class='ocrx_word' id='word_1_273' title='bbox 762 1656 888 1687; x_wconf 71' lang='lat' dir='ltr'>Surium</span> <span class='ocrx_word' id='word_1_274' title='bbox 912 1664 1036 1696; x_wconf 90' lang='lat' dir='ltr'>quoque</span> <span class='ocrx_word' id='word_1_275' title='bbox 1059 1654 1227 1686; x_wconf 57' lang='lat' dir='ltr'>consuluit,</span> 
     </span>
    </p>

    <p class='ocr_par' dir='ltr' id='par_1_13' title="bbox 112 1721 1733 1947">
     <span class='ocr_line' id='line_1_30' title="bbox 197 1721 1733 1766; baseline -0.003 -9"><span class='ocrx_word' id='word_1_276' title='bbox 197 1726 262 1757; x_wconf 90' lang='lat' dir='ltr'>Nos</span> <span class='ocrx_word' id='word_1_277' title='bbox 292 1725 432 1757; x_wconf 78' lang='lat' dir='ltr'>codicem</span> <span class='ocrx_word' id='word_1_278' title='bbox 463 1726 489 1756; x_wconf 89' lang='lat' dir='ltr'>E</span> <span class='ocrx_word' id='word_1_279' title='bbox 519 1725 632 1757; x_wconf 87' lang='lat' dir='ltr'>ducem</span> <span class='ocrx_word' id='word_1_280' title='bbox 662 1724 971 1766; x_wconf 84' lang='lat' dir='ltr'>praestantissimum</span> <span class='ocrx_word' id='word_1_281' title='bbox 1002 1723 1102 1755; x_wconf 85' lang='lat' dir='ltr'>secuti</span> <span class='ocrx_word' id='word_1_282' title='bbox 1133 1732 1258 1755; x_wconf 88' lang='lat' dir='ltr'>sumus.</span> <span class='ocrx_word' id='word_1_283' title='bbox 1298 1722 1447 1754; x_wconf 85' lang='lat' dir='ltr'>collatum</span> <span class='ocrx_word' id='word_1_284' title='bbox 1478 1732 1548 1752; x_wconf 89' lang='grc'>611111</span> <span class='ocrx_word' id='word_1_285' title='bbox 1580 1721 1671 1752; x_wconf 81' lang='lat' dir='ltr'>Surio</span> <span class='ocrx_word' id='word_1_286' title='bbox 1703 1725 1733 1752; x_wconf 85' lang='lat' dir='ltr'>et</span> 
     </span>
     <span class='ocr_line' id='line_1_31' title="bbox 112 1781 1732 1826; baseline -0.004 -9"><span class='ocrx_word' id='word_1_287' title='bbox 112 1785 309 1817; x_wconf 87' lang='lat' dir='ltr'>Mabillonio.</span> <span class='ocrx_word' id='word_1_288' title='bbox 350 1786 387 1816; x_wconf 93' lang='lat' dir='ltr'>In</span> <span class='ocrx_word' id='word_1_289' title='bbox 410 1784 665 1826; x_wconf 83' lang='lat' dir='ltr'>orthographicis</span> <span class='ocrx_word' id='word_1_290' title='bbox 689 1795 759 1816; x_wconf 89' lang='lat' dir='ltr'>cum</span> <span class='ocrx_word' id='word_1_291' title='bbox 782 1785 863 1816; x_wconf 90' lang='lat' dir='ltr'>liber</span> <span class='ocrx_word' id='word_1_292' title='bbox 885 1794 971 1816; x_wconf 85' lang='lat' dir='ltr'>saec.</span> <span class='ocrx_word' id='word_1_293' title='bbox 991 1784 1021 1814; x_wconf 91' lang='lat' dir='ltr'>X</span> <span class='ocrx_word' id='word_1_294' title='bbox 1045 1786 1193 1814; x_wconf 84' lang='lat' dir='ltr'>exaratus</span> <span class='ocrx_word' id='word_1_295' title='bbox 1218 1783 1404 1814; x_wconf 82' lang='lat' dir='ltr'>auctoritate</span> <span class='ocrx_word' id='word_1_296' title='bbox 1428 1781 1597 1813; x_wconf 86' lang='lat' dir='ltr'>destitutus</span> <span class='ocrx_word' id='word_1_297' title='bbox 1622 1781 1671 1819; x_wconf 86' lang='lat' dir='ltr'>sit,</span> <span class='ocrx_word' id='word_1_298' title='bbox 1701 1784 1732 1811; x_wconf 89' lang='lat' dir='ltr'>et</span> 
     </span>
     <span class='ocr_line' id='line_1_32' title="bbox 115 1840 1733 1885; baseline -0.003 -10"><span class='ocrx_word' id='word_1_299' title='bbox 115 1847 216 1884; x_wconf 75' lang='grc'>11110111,</span> <span class='ocrx_word' id='word_1_300' title='bbox 252 1847 342 1876; x_wconf 77' lang='lat' dir='ltr'>nichil</span> <span class='ocrx_word' id='word_1_301' title='bbox 372 1845 499 1885; x_wconf 83' lang='lat' dir='ltr'>aliaque</span> <span class='ocrx_word' id='word_1_302' title='bbox 527 1845 707 1876; x_wconf 86' lang='lat' dir='ltr'>huiusmodi</span> <span class='ocrx_word' id='word_1_303' title='bbox 737 1855 832 1884; x_wconf 87' lang='lat' dir='ltr'>quam</span> <span class='ocrx_word' id='word_1_304' title='bbox 862 1843 1001 1875; x_wconf 74' lang='lat' dir='ltr'>maxime</span> <span class='ocrx_word' id='word_1_305' title='bbox 1030 1854 1049 1874; x_wconf 83' lang='lat' dir='ltr'>a</span> <span class='ocrx_word' id='word_1_306' title='bbox 1073 1843 1244 1874; x_wconf 84' lang='lat' dir='ltr'>Fortunato</span> <span class='ocrx_word' id='word_1_307' title='bbox 1276 1842 1480 1873; x_wconf 75' lang='lat' dir='ltr'>abhorreant.</span> <span class='ocrx_word' id='word_1_308' title='bbox 1515 1840 1555 1871; x_wconf 91' lang='lat' dir='ltr'>ad</span> <span class='ocrx_word' id='word_1_309' title='bbox 1584 1840 1733 1871; x_wconf 87' lang='lat' dir='ltr'>Carmina</span> 
     </span>
     <span class='ocr_line' id='line_1_33' title="bbox 114 1902 1261 1947; baseline -0.003 -10"><span class='ocrx_word' id='word_1_310' title='bbox 114 1905 179 1937; x_wconf 89' lang='lat' dir='ltr'>fere</span> <span class='ocrx_word' id='word_1_311' title='bbox 202 1905 390 1947; x_wconf 85' lang='lat' dir='ltr'>scripturam</span> <span class='ocrx_word' id='word_1_312' title='bbox 414 1905 558 1944; x_wconf 79' lang='lat' dir='ltr'>formavi,</span> <span class='ocrx_word' id='word_1_313' title='bbox 585 1915 602 1936; x_wconf 92' lang='lat' dir='ltr'>e</span> <span class='ocrx_word' id='word_1_314' title='bbox 626 1905 741 1944; x_wconf 87' lang='lat' dir='ltr'>quibus</span> <span class='ocrx_word' id='word_1_315' title='bbox 765 1904 859 1936; x_wconf 86' lang='lat' dir='ltr'>etiam</span> <span class='ocrx_word' id='word_1_316' title='bbox 887 1904 1104 1934; x_wconf 73' lang='lat' dir='ltr'>Cln&#39;ldebercllzo</span> <span class='ocrx_word' id='word_1_317' title='bbox 1128 1902 1261 1933; x_wconf 86' lang='lat' dir='ltr'>restitui.</span> 
     </span>
    </p>
   </div>
   <div class='ocr_carea' id='block_1_5' title="bbox 675 2082 1172 2124">
    <p class='ocr_par' dir='ltr' id='par_1_14' title="bbox 675 2082 1172 2124">
     <span class='ocr_line' id='line_1_34' title="bbox 675 2082 1172 2124; baseline -0.006 -1"><span class='ocrx_word' id='word_1_318' title='bbox 675 2084 734 2124; x_wconf 91' lang='lat' dir='ltr'>IV.</span> <span class='ocrx_word' id='word_1_319' title='bbox 763 2083 873 2123; x_wconf 83' lang='lat' dir='ltr'>VITA</span> <span class='ocrx_word' id='word_1_320' title='bbox 901 2083 936 2123; x_wconf 75' lang='lat' dir='ltr'>S.</span> <span class='ocrx_word' id='word_1_321' title='bbox 965 2082 1172 2122; x_wconf 78' lang='lat' dir='ltr'>PATERNI.</span> 
     </span>
    </p>
   </div>
   <div class='ocr_carea' id='block_1_6' title="bbox 116 2174 1736 2763">
    <p class='ocr_par' dir='ltr' id='par_1_15' title="bbox 116 2174 1735 2460">
     <span class='ocr_line' id='line_1_35' title="bbox 190 2174 1733 2218; baseline -0.006 -7"><span class='ocrx_word' id='word_1_322' title='bbox 190 2175 242 2211; x_wconf 83' lang='lat' dir='ltr'>&#39;Vt</span> <span class='ocrx_word' id='word_1_323' title='bbox 264 2179 371 2211; x_wconf 88' lang='lat' dir='ltr'>Vitam</span> <span class='ocrx_word' id='word_1_324' title='bbox 396 2180 428 2211; x_wconf 81' lang='lat' dir='ltr'>S.</span> <span class='ocrx_word' id='word_1_325' title='bbox 455 2179 584 2210; x_wconf 83' lang='lat' dir='ltr'>Paterni</span> <span class='ocrx_word' id='word_1_326' title='bbox 607 2177 813 2209; x_wconf 88' lang='lat' dir='ltr'>Abrineensis</span> <span class='ocrx_word' id='word_1_327' title='bbox 837 2176 997 2218; x_wconf 87' lang='lat' dir='ltr'>episcopi,</span> <span class='ocrx_word' id='word_1_328' title='bbox 1025 2176 1077 2216; x_wconf 87' lang='lat' dir='ltr'>qui</span> <span class='ocrx_word' id='word_1_329' title='bbox 1102 2175 1234 2207; x_wconf 87' lang='lat' dir='ltr'>concilio</span> <span class='ocrx_word' id='word_1_330' title='bbox 1257 2174 1429 2206; x_wconf 89' lang='lat' dir='ltr'>Parisiensi</span> <span class='ocrx_word' id='word_1_331' title='bbox 1452 2174 1499 2204; x_wconf 91' lang='lat' dir='ltr'>III</span> <span class='ocrx_word' id='word_1_332' title='bbox 1523 2176 1594 2214; x_wconf 84' lang='lat' dir='ltr'>post</span> <span class='ocrx_word' id='word_1_333' title='bbox 1616 2183 1645 2203; x_wconf 85' lang='lat' dir='ltr'>a.</span> <span class='ocrx_word' id='word_1_334' title='bbox 1673 2175 1733 2203; x_wconf 70' lang='grc'>5511·</span> 
     </span>
     <span class='ocr_line' id='line_1_36' title="bbox 117 2232 1734 2277; baseline -0.006 -6"><span class='ocrx_word' id='word_1_335' title='bbox 117 2239 276 2271; x_wconf 81' lang='lat' dir='ltr'>celebrato</span> <span class='ocrx_word' id='word_1_336' title='bbox 306 2239 463 2277; x_wconf 77' lang='lat' dir='ltr'>interfuit,</span> <span class='ocrx_word' id='word_1_337' title='bbox 500 2239 692 2270; x_wconf 88' lang='lat' dir='ltr'>Fortunatus</span> <span class='ocrx_word' id='word_1_338' title='bbox 721 2238 886 2275; x_wconf 87' lang='lat' dir='ltr'>scriberet,</span> <span class='ocrx_word' id='word_1_339' title='bbox 922 2236 1096 2267; x_wconf 85' lang='lat' dir='ltr'>Martianus</span> <span class='ocrx_word' id='word_1_340' title='bbox 1126 2235 1243 2272; x_wconf 84' lang='lat' dir='ltr'>abbas,</span> <span class='ocrx_word' id='word_1_341' title='bbox 1278 2244 1372 2274; x_wconf 87' lang='lat' dir='ltr'>quem</span> <span class='ocrx_word' id='word_1_342' title='bbox 1396 2232 1585 2264; x_wconf 86' lang='lat' dir='ltr'>monasterio</span> <span class='ocrx_word' id='word_1_343' title='bbox 1610 2232 1734 2263; x_wconf 85' lang='lat' dir='ltr'>cuidam</span> 
     </span>
     <span class='ocr_line' id='line_1_37' title="bbox 116 2292 1730 2340; baseline -0.005 -11"><span class='ocrx_word' id='word_1_344' title='bbox 116 2299 156 2330; x_wconf 89' lang='lat' dir='ltr'>ab</span> <span class='ocrx_word' id='word_1_345' title='bbox 172 2299 242 2340; x_wconf 89' lang='lat' dir='ltr'>ipso</span> <span class='ocrx_word' id='word_1_346' title='bbox 258 2303 366 2331; x_wconf 89' lang='lat' dir='ltr'>sancto</span> <span class='ocrx_word' id='word_1_347' title='bbox 382 2298 507 2330; x_wconf 86' lang='lat' dir='ltr'>condito</span> <span class='ocrx_word' id='word_1_348' title='bbox 524 2298 702 2339; x_wconf 84' lang='lat' dir='ltr'>praefuisse</span> <span class='ocrx_word' id='word_1_349' title='bbox 720 2296 922 2329; x_wconf 88' lang='lat' dir='ltr'>Bollandiani</span> <span class='ocrx_word' id='word_1_350' title='bbox 938 2295 1144 2337; x_wconf 88' lang='lat' dir='ltr'>probabiliter</span> <span class='ocrx_word' id='word_1_351' title='bbox 1161 2294 1371 2333; x_wconf 83' lang='lat' dir='ltr'>coniecerunt,</span> <span class='ocrx_word' id='word_1_352' title='bbox 1401 2293 1429 2324; x_wconf 90' lang='grc'>61</span> <span class='ocrx_word' id='word_1_353' title='bbox 1446 2292 1589 2323; x_wconf 75' lang='lat' dir='ltr'>iniunxit.</span> <span class='ocrx_word' id='word_1_354' title='bbox 1618 2302 1730 2331; x_wconf 86' lang='lat' dir='ltr'>neque.</span> 
     </span>
     <span class='ocr_line' id='line_1_38' title="bbox 118 2352 1735 2399; baseline -0.006 -8"><span class='ocrx_word' id='word_1_355' title='bbox 118 2359 195 2398; x_wconf 88' lang='lat' dir='ltr'>quin</span> <span class='ocrx_word' id='word_1_356' title='bbox 217 2369 299 2399; x_wconf 90' lang='lat' dir='ltr'>quae</span> <span class='ocrx_word' id='word_1_357' title='bbox 323 2362 428 2390; x_wconf 77' lang='lat' dir='ltr'>exstat</span> <span class='ocrx_word' id='word_1_358' title='bbox 451 2358 524 2390; x_wconf 90' lang='lat' dir='ltr'>Vita</span> <span class='ocrx_word' id='word_1_359' title='bbox 546 2358 675 2389; x_wconf 89' lang='lat' dir='ltr'>Paterni</span> <span class='ocrx_word' id='word_1_360' title='bbox 699 2368 737 2388; x_wconf 93' lang='lat' dir='ltr'>ea</span> <span class='ocrx_word' id='word_1_361' title='bbox 759 2357 833 2398; x_wconf 87' lang='lat' dir='ltr'>ipsa</span> <span class='ocrx_word' id='word_1_362' title='bbox 856 2356 913 2395; x_wconf 76' lang='lat' dir='ltr'>sit,</span> <span class='ocrx_word' id='word_1_363' title='bbox 947 2366 1042 2395; x_wconf 87' lang='lat' dir='ltr'>quam</span> <span class='ocrx_word' id='word_1_364' title='bbox 1066 2359 1160 2396; x_wconf 87' lang='lat' dir='ltr'>poeta</span> <span class='ocrx_word' id='word_1_365' title='bbox 1183 2354 1359 2386; x_wconf 79' lang='lat' dir='ltr'>contexuit.</span> <span class='ocrx_word' id='word_1_366' title='bbox 1395 2352 1526 2384; x_wconf 78' lang='lat' dir='ltr'>dubium</span> <span class='ocrx_word' id='word_1_367' title='bbox 1550 2356 1613 2382; x_wconf 90' lang='lat' dir='ltr'>est.</span> <span class='ocrx_word' id='word_1_368' title='bbox 1649 2355 1735 2391; x_wconf 85' lang='lat' dir='ltr'>post-</span> 
     </span>
     <span class='ocr_line' id='line_1_39' title="bbox 120 2415 1169 2460; baseline -0.005 -10"><span class='ocrx_word' id='word_1_369' title='bbox 120 2428 213 2459; x_wconf 87' lang='lat' dir='ltr'>quam</span> <span class='ocrx_word' id='word_1_370' title='bbox 237 2418 442 2450; x_wconf 87' lang='lat' dir='ltr'>Mabillonius</span> <span class='ocrx_word' id='word_1_371' title='bbox 465 2418 630 2460; x_wconf 82' lang='lat' dir='ltr'>prologum</span> <span class='ocrx_word' id='word_1_372' title='bbox 654 2428 671 2449; x_wconf 92' lang='lat' dir='ltr'>e</span> <span class='ocrx_word' id='word_1_373' title='bbox 695 2417 805 2449; x_wconf 86' lang='lat' dir='ltr'>codice</span> <span class='ocrx_word' id='word_1_374' title='bbox 828 2415 1054 2447; x_wconf 86' lang='lat' dir='ltr'>Herovalliano</span> <span class='ocrx_word' id='word_1_375' title='bbox 1078 2415 1169 2446; x_wconf 88' lang='lat' dir='ltr'>eruit.</span> 
     </span>
    </p>

    <p class='ocr_par' dir='ltr' id='par_1_16' title="bbox 118 2478 1732 2569">
     <span class='ocr_line' id='line_1_40' title="bbox 118 2478 1732 2522; baseline -0.006 -5"><span class='ocrx_word' id='word_1_376' title='bbox 118 2486 143 2517; x_wconf 94' lang='lat' dir='ltr'>P</span> <span class='ocrx_word' id='word_1_377' title='bbox 272 2486 380 2519; x_wconf 87' lang='lat' dir='ltr'>Codex</span> <span class='ocrx_word' id='word_1_378' title='bbox 399 2486 589 2518; x_wconf 88' lang='lat' dir='ltr'>Parisiensis</span> <span class='ocrx_word' id='word_1_379' title='bbox 610 2485 742 2517; x_wconf 90' lang='lat' dir='ltr'>Latinus</span> <span class='ocrx_word' id='word_1_380' title='bbox 763 2495 810 2516; x_wconf 83' lang='lat' dir='ltr'>nr.</span> <span class='ocrx_word' id='word_1_381' title='bbox 831 2485 923 2522; x_wconf 77' lang='lat'>5666,</span> <span class='ocrx_word' id='word_1_382' title='bbox 952 2493 1036 2515; x_wconf 85' lang='lat' dir='ltr'>saec.</span> <span class='ocrx_word' id='word_1_383' title='bbox 1056 2483 1144 2515; x_wconf 81' lang='lat' dir='ltr'>XIII.</span> <span class='ocrx_word' id='word_1_384' title='bbox 1174 2482 1227 2513; x_wconf 90' lang='lat' dir='ltr'>ubi</span> <span class='ocrx_word' id='word_1_385' title='bbox 1244 2481 1300 2512; x_wconf 81' lang='lat' dir='ltr'>fol.</span> <span class='ocrx_word' id='word_1_386' title='bbox 1322 2482 1359 2511; x_wconf 72' lang='lat'>54</span> <span class='ocrx_word' id='word_1_387' title='bbox 1385 2480 1458 2510; x_wconf 88' lang='lat' dir='ltr'>Vita</span> <span class='ocrx_word' id='word_1_388' title='bbox 1474 2478 1600 2510; x_wconf 87' lang='lat' dir='ltr'>Paterni</span> <span class='ocrx_word' id='word_1_389' title='bbox 1618 2481 1732 2509; x_wconf 79' lang='lat' dir='ltr'>exstat.</span> 
     </span>
     <span class='ocr_line' id='line_1_41' title="bbox 324 2536 793 2569; baseline -0.006 0"><span class='ocrx_word' id='word_1_390' title='bbox 324 2538 361 2569; x_wconf 88' lang='lat' dir='ltr'>A.</span> <span class='ocrx_word' id='word_1_391' title='bbox 389 2537 531 2569; x_wconf 78' lang='lat' dir='ltr'>Schoene</span> <span class='ocrx_word' id='word_1_392' title='bbox 556 2547 627 2569; x_wconf 90' lang='lat' dir='ltr'>eum</span> <span class='ocrx_word' id='word_1_393' title='bbox 652 2536 793 2568; x_wconf 88' lang='lat' dir='ltr'>contulit.</span> 
     </span>
    </p>

    <p class='ocr_par' dir='ltr' id='par_1_17' title="bbox 121 2596 1736 2707">
     <span class='ocr_line' id='line_1_42' title="bbox 204 2596 1736 2646; baseline -0.007 -8"><span class='ocrx_word' id='word_1_394' title='bbox 204 2607 230 2637; x_wconf 87' lang='lat' dir='ltr'>E</span> <span class='ocrx_word' id='word_1_395' title='bbox 257 2606 433 2645; x_wconf 74' lang='lat' dir='ltr'>codicibus,</span> <span class='ocrx_word' id='word_1_396' title='bbox 469 2605 583 2646; x_wconf 88' lang='lat' dir='ltr'>quibus</span> <span class='ocrx_word' id='word_1_397' title='bbox 614 2604 816 2637; x_wconf 82' lang='lat' dir='ltr'>Bollandiani</span> <span class='ocrx_word' id='word_1_398' title='bbox 847 2604 895 2635; x_wconf 88' lang='lat' dir='ltr'>usi</span> <span class='ocrx_word' id='word_1_399' title='bbox 925 2607 1011 2634; x_wconf 84' lang='lat' dir='ltr'>sunt.</span> <span class='ocrx_word' id='word_1_400' title='bbox 1048 2602 1105 2632; x_wconf 83' lang='lat' dir='ltr'>RX</span> <span class='ocrx_word' id='word_1_401' title='bbox 1137 2601 1299 2642; x_wconf 73' lang='lat' dir='ltr'>prologum</span> <span class='ocrx_word' id='word_1_402' title='bbox 1331 2599 1463 2637; x_wconf 66' lang='lat' dir='ltr'>habent⁷</span> <span class='ocrx_word' id='word_1_403' title='bbox 1498 2597 1554 2628; x_wconf 91' lang='lat' dir='ltr'>VY</span> <span class='ocrx_word' id='word_1_404' title='bbox 1582 2607 1602 2627; x_wconf 86' lang='lat' dir='ltr'>a</span> <span class='ocrx_word' id='word_1_405' title='bbox 1630 2596 1736 2628; x_wconf 88' lang='lat' dir='ltr'>verbis</span> 
     </span>
     <span class='ocr_line' id='line_1_43' title="bbox 121 2662 1162 2707; baseline -0.003 -12"><span class='ocrx_word' id='word_1_406' title='bbox 121 2667 334 2707; x_wconf 68' lang='lat' dir='ltr'>Reliyiosorum</span> <span class='ocrx_word' id='word_1_407' title='bbox 359 2667 508 2696; x_wconf 70' lang='lat' dir='ltr'>hominum</span> <span class='ocrx_word' id='word_1_408' title='bbox 538 2665 629 2705; x_wconf 71' lang='lat' dir='ltr'>(infra</span> <span class='ocrx_word' id='word_1_409' title='bbox 653 2675 684 2706; x_wconf 89' lang='lat' dir='ltr'>p.</span> <span class='ocrx_word' id='word_1_410' title='bbox 706 2666 756 2703; x_wconf 66' lang='lat'>33,</span> <span class='ocrx_word' id='word_1_411' title='bbox 777 2666 817 2704; x_wconf 56' lang='lat'>28)</span> <span class='ocrx_word' id='word_1_412' title='bbox 847 2663 973 2695; x_wconf 86' lang='lat' dir='ltr'>demum</span> <span class='ocrx_word' id='word_1_413' title='bbox 997 2662 1162 2702; x_wconf 85' lang='lat' dir='ltr'>incipiunt.</span> 
     </span>
    </p>

    <p class='ocr_par' dir='ltr' id='par_1_18' title="bbox 121 2721 1187 2763">
     <span class='ocr_line' id='line_1_44' title="bbox 121 2721 1187 2763; baseline -0.007 -6"><span class='ocrx_word' id='word_1_414' title='bbox 121 2725 148 2756; x_wconf 89' lang='lat' dir='ltr'><strong>R</strong></span> <span class='ocrx_word' id='word_1_415' title='bbox 277 2725 386 2757; x_wconf 80' lang='lat' dir='ltr'>Codex</span> <span class='ocrx_word' id='word_1_416' title='bbox 410 2725 582 2756; x_wconf 87' lang='lat' dir='ltr'>Vaticanus</span> <span class='ocrx_word' id='word_1_417' title='bbox 607 2723 819 2755; x_wconf 85' lang='lat' dir='ltr'>bibliothecae</span> <span class='ocrx_word' id='word_1_418' title='bbox 843 2722 973 2763; x_wconf 81' lang='lat' dir='ltr'>reginae</span> <span class='ocrx_word' id='word_1_419' title='bbox 997 2721 1187 2753; x_wconf 86' lang='lat' dir='ltr'>Christinae.</span> 
     </span>
    </p>
   </div>
  </div>
 </body>
</html>
