<?xml version="1.0" encoding="UTF-8"?>
<!DOCTYPE html PUBLIC "-//W3C//DTD XHTML 1.0 Transitional//EN"
    "http://www.w3.org/TR/xhtml1/DTD/xhtml1-transitional.dtd">
<html xmlns="http://www.w3.org/1999/xhtml" xml:lang="en" lang="en">
 <head>
  <title>
</title>
<meta http-equiv="Content-Type" content="text/html;charset=utf-8" />
  <meta name='ocr-system' content='tesseract 3.04.00' />
  <meta name='ocr-capabilities' content='ocr_page ocr_carea ocr_par ocr_line ocrx_word'/>
</head>
<body>
  <div class='ocr_page' id='page_1' title='image "./monumentagermani04geseuoft/monumentagermani04geseuoft_0266.png"; bbox 0 0 2038 3036; ppageno 0'>
   <div class='ocr_carea' id='block_1_1' title="bbox 323 147 1677 182">
    <p class='ocr_par' dir='ltr' id='par_1_1' title="bbox 323 147 1677 182">
     <span class='ocr_line' id='line_1_1' title="bbox 323 147 1677 182; baseline -0.01 0"><span class='ocrx_word' id='word_1_1' title='bbox 323 153 384 182; x_wconf 73' lang='lat'><strong>230</strong></span> <span class='ocrx_word' id='word_1_2' title='bbox 933 148 1100 175; x_wconf 69' lang='lat' dir='ltr'><strong>VENAN&#39;rl</strong></span> <span class='ocrx_word' id='word_1_3' title='bbox 1122 147 1338 174; x_wconf 71' lang='lat' dir='ltr'>FORTVNATI</span> <span class='ocrx_word' id='word_1_4' title='bbox 1665 167 1677 176; x_wconf 79' lang='lat'>‚</span> 
     </span>
    </p>
   </div>
   <div class='ocr_carea' id='block_1_2' title="bbox 325 240 1948 440">
    <p class='ocr_par' dir='ltr' id='par_1_2' title="bbox 325 240 1948 440">
     <span class='ocr_line' id='line_1_2' title="bbox 325 240 1948 287; baseline -0.005 -7"><span class='ocrx_word' id='word_1_5' title='bbox 325 249 445 280; x_wconf 84' lang='lat' dir='ltr'><strong>steterit</strong></span> <span class='ocrx_word' id='word_1_6' title='bbox 469 247 543 287; x_wconf 74' lang='lat' dir='ltr'><strong>quin</strong></span> <span class='ocrx_word' id='word_1_7' title='bbox 568 246 664 286; x_wconf 80' lang='lat' dir='ltr'><strong>stirpe</strong></span> <span class='ocrx_word' id='word_1_8' title='bbox 689 243 796 275; x_wconf 68' lang='lat' dir='ltr'><strong>mortis</strong></span> <span class='ocrx_word' id='word_1_9' title='bbox 820 243 882 273; x_wconf 86' lang='lat' dir='ltr'><strong>tixa</strong></span> <span class='ocrx_word' id='word_1_10' title='bbox 907 242 1003 273; x_wconf 77' lang='lat' dir='ltr'><strong>vivat.</strong></span> <span class='ocrx_word' id='word_1_11' title='bbox 1111 243 1128 271; x_wconf 82' lang='lat'>3</span> <span class='ocrx_word' id='word_1_12' title='bbox 1167 241 1253 272; x_wconf 80' lang='lat' dir='ltr'><strong>Misit</strong></span> <span class='ocrx_word' id='word_1_13' title='bbox 1277 241 1334 272; x_wconf 88' lang='lat' dir='ltr'><strong>hoc</strong></span> <span class='ocrx_word' id='word_1_14' title='bbox 1358 241 1494 282; x_wconf 81' lang='lat' dir='ltr'><strong>posteris</strong></span> <span class='ocrx_word' id='word_1_15' title='bbox 1518 240 1678 272; x_wconf 79' lang='lat' dir='ltr'><strong>hereditas</strong></span> <span class='ocrx_word' id='word_1_16' title='bbox 1702 240 1888 282; x_wconf 85' lang='lat' dir='ltr'><strong>parentalis,</strong></span> <span class='ocrx_word' id='word_1_17' title='bbox 1914 245 1948 272; x_wconf 90' lang='lat' dir='ltr'><strong>ut</strong></span> 
     </span>
     <span class='ocr_line' id='line_1_3' title="bbox 326 291 1947 336; baseline -0.006 -4"><span class='ocrx_word' id='word_1_18' title='bbox 326 301 466 332; x_wconf 70' lang='lat' dir='ltr'><strong>iacentes</strong></span> <span class='ocrx_word' id='word_1_19' title='bbox 491 298 578 328; x_wconf 76' lang='lat' dir='ltr'><strong>morti</strong></span> <span class='ocrx_word' id='word_1_20' title='bbox 603 305 794 336; x_wconf 76' lang='lat' dir='ltr'><strong>‹maeraums</strong></span> <span class='ocrx_word' id='word_1_21' title='bbox 819 294 925 324; x_wconf 78' lang='lat' dir='ltr'><strong>virere</strong></span> <span class='ocrx_word' id='word_1_22' title='bbox 950 291 1109 323; x_wconf 85' lang='lat' dir='ltr'><strong>morituri:</strong></span> <span class='ocrx_word' id='word_1_23' title='bbox 1137 292 1334 323; x_wconf 71' lang='lat' dir='ltr'><strong>vulnificavit</strong></span> <span class='ocrx_word' id='word_1_24' title='bbox 1358 297 1488 323; x_wconf 88' lang='lat' dir='ltr'><strong>cunctos</strong></span> <span class='ocrx_word' id='word_1_25' title='bbox 1513 292 1650 323; x_wconf 80' lang='lat' dir='ltr'><strong>infelicis</strong></span> <span class='ocrx_word' id='word_1_26' title='bbox 1667 291 1790 323; x_wconf 87' lang='lat' dir='ltr'><strong>arboris</strong></span> <span class='ocrx_word' id='word_1_27' title='bbox 1805 291 1947 332; x_wconf 83' lang='lat' dir='ltr'><strong>adquae-</strong></span> 
     </span>
     <span class='ocr_line' id='line_1_4' title="bbox 325 343 1947 390; baseline -0.004 -10"><span class='ocrx_word' id='word_1_28' title='bbox 325 352 385 382; x_wconf 78' lang='lat' dir='ltr'><strong>sita</strong></span> <span class='ocrx_word' id='word_1_29' title='bbox 411 349 577 390; x_wconf 64' lang='lat' dir='ltr'><strong>possessio.</strong></span> <span class='ocrx_word' id='word_1_30' title='bbox 605 357 686 387; x_wconf 76' lang='lat' dir='ltr'><strong>quae</strong></span> <span class='ocrx_word' id='word_1_31' title='bbox 711 345 949 376; x_wconf 75' lang='lat' dir='ltr'><strong>blumlientibus</strong></span> <span class='ocrx_word' id='word_1_32' title='bbox 973 343 1075 384; x_wconf 82' lang='lat' dir='ltr'><strong>pomis</strong></span> <span class='ocrx_word' id='word_1_33' title='bbox 1099 343 1219 384; x_wconf 86' lang='lat' dir='ltr'><strong>prolem</strong></span> <span class='ocrx_word' id='word_1_34' title='bbox 1245 343 1333 383; x_wconf 84' lang='lat' dir='ltr'><strong>prius</strong></span> <span class='ocrx_word' id='word_1_35' title='bbox 1356 344 1463 377; x_wconf 82' lang='lat' dir='ltr'><strong>nocuit</strong></span> <span class='ocrx_word' id='word_1_36' title='bbox 1485 353 1581 383; x_wconf 84' lang='lat' dir='ltr'><strong>quam</strong></span> <span class='ocrx_word' id='word_1_37' title='bbox 1606 343 1752 374; x_wconf 79' lang='lat' dir='ltr'><strong>nutrivit:</strong></span> <span class='ocrx_word' id='word_1_38' title='bbox 1779 352 1841 382; x_wconf 89' lang='lat' dir='ltr'><strong>quo</strong></span> <span class='ocrx_word' id='word_1_39' title='bbox 1863 347 1947 374; x_wconf 87' lang='lat' dir='ltr'><strong>certe</strong></span> 
     </span>
     <span class='ocr_line' id='line_1_5' title="bbox 328 393 1947 440; baseline -0.004 -9"><span class='ocrx_word' id='word_1_40' title='bbox 328 402 385 432; x_wconf 67' lang='lat' dir='ltr'><strong>sub</strong></span> <span class='ocrx_word' id='word_1_41' title='bbox 409 400 494 440; x_wconf 97' lang='lat' dir='ltr'><strong>epuli</strong></span> <span class='ocrx_word' id='word_1_42' title='bbox 521 398 626 439; x_wconf 72' lang='lat' dir='ltr'><strong>speeie</strong></span> <span class='ocrx_word' id='word_1_43' title='bbox 653 407 734 427; x_wconf 66' lang='lat' dir='ltr'><strong>murs</strong></span> <span class='ocrx_word' id='word_1_44' title='bbox 759 395 896 426; x_wconf 79' lang='lat' dir='ltr'><strong>intravit.</strong></span> <span class='ocrx_word' id='word_1_45' title='bbox 948 394 1036 425; x_wconf 77' lang='lat' dir='ltr'><strong>ferali</strong></span> <span class='ocrx_word' id='word_1_46' title='bbox 1061 398 1146 425; x_wconf 83' lang='lat' dir='ltr'><strong>tactu</strong></span> <span class='ocrx_word' id='word_1_47' title='bbox 1172 394 1267 425; x_wconf 80' lang='lat' dir='ltr'><strong>laesit</strong></span> <span class='ocrx_word' id='word_1_48' title='bbox 1291 394 1348 425; x_wconf 76' lang='lat' dir='ltr'><strong>hoe</strong></span> <span class='ocrx_word' id='word_1_49' title='bbox 1372 399 1522 435; x_wconf 82' lang='lat' dir='ltr'><strong>parentes</strong></span> <span class='ocrx_word' id='word_1_50' title='bbox 1546 399 1576 425; x_wconf 86' lang='lat' dir='ltr'><strong>et</strong></span> <span class='ocrx_word' id='word_1_51' title='bbox 1601 399 1759 435; x_wconf 83' lang='lat' dir='ltr'><strong>posteros:</strong></span> <span class='ocrx_word' id='word_1_52' title='bbox 1792 393 1865 424; x_wconf 88' lang='lat' dir='ltr'><strong>illos</strong></span> <span class='ocrx_word' id='word_1_53' title='bbox 1888 403 1947 433; x_wconf 85' lang='lat' dir='ltr'><strong>gu-</strong></span> 
     </span>
    </p>
   </div>
   <div class='ocr_carea' id='block_1_3' title="bbox 326 444 1982 486">
    <p class='ocr_par' dir='ltr' id='par_1_3' title="bbox 326 444 1982 486">
     <span class='ocr_line' id='line_1_6' title="bbox 326 444 1982 486; baseline -0.004 -5"><span class='ocrx_word' id='word_1_54' title='bbox 326 458 407 483; x_wconf 62' lang='lat' dir='ltr'><strong>ntus.</strong></span> <span class='ocrx_word' id='word_1_55' title='bbox 445 461 502 481; x_wconf 72' lang='lat' dir='ltr'><strong>uos</strong></span> <span class='ocrx_word' id='word_1_56' title='bbox 526 458 634 479; x_wconf 72' lang='lat' dir='ltr'><strong>sucus:</strong></span> <span class='ocrx_word' id='word_1_57' title='bbox 671 447 819 486; x_wconf 76' lang='lat' dir='ltr'><strong>quoniam</strong></span> <span class='ocrx_word' id='word_1_58' title='bbox 845 446 1021 476; x_wconf 71' lang='lat' dir='ltr'>virulentae</span> <span class='ocrx_word' id='word_1_59' title='bbox 1046 445 1204 476; x_wconf 73' lang='lat' dir='ltr'><strong>suasionis</strong></span> <span class='ocrx_word' id='word_1_60' title='bbox 1227 445 1394 486; x_wconf 75' lang='lat' dir='ltr'><strong>poculum.</strong></span> <span class='ocrx_word' id='word_1_61' title='bbox 1422 445 1506 485; x_wconf 83' lang='lat' dir='ltr'><strong>quod</strong></span> <span class='ocrx_word' id='word_1_62' title='bbox 1532 450 1622 485; x_wconf 89' lang='lat' dir='ltr'><strong>pater</strong></span> <span class='ocrx_word' id='word_1_63' title='bbox 1644 444 1727 476; x_wconf 88' lang='lat' dir='ltr'><strong>male</strong></span> <span class='ocrx_word' id='word_1_64' title='bbox 1752 444 1889 476; x_wconf 82' lang='lat' dir='ltr'>sorbuit.</span> <span class='ocrx_word' id='word_1_65' title='bbox 1916 444 1947 475; x_wconf 91' lang='lat' dir='ltr'><strong>in</strong></span> <span class='ocrx_word' id='word_1_66' title='bbox 1971 456 1982 472; x_wconf 70' lang='lat' dir='ltr'><strong>r»</strong></span> 
     </span>
    </p>
   </div>
   <div class='ocr_carea' id='block_1_4' title="bbox 323 494 1948 948">
    <p class='ocr_par' dir='ltr' id='par_1_4' title="bbox 323 494 1948 948">
     <span class='ocr_line' id='line_1_7' title="bbox 326 494 1945 543; baseline -0.004 -11"><span class='ocrx_word' id='word_1_67' title='bbox 326 503 444 543; x_wconf 68' lang='lat' dir='ltr'><strong>prolem</strong></span> <span class='ocrx_word' id='word_1_68' title='bbox 468 499 639 531; x_wconf 73' lang='lat' dir='ltr'>transfudit</span> <span class='ocrx_word' id='word_1_69' title='bbox 671 503 715 529; x_wconf 89' lang='lat' dir='ltr'><strong>et.</strong></span> <span class='ocrx_word' id='word_1_70' title='bbox 752 503 783 528; x_wconf 88' lang='lat' dir='ltr'><strong>ut</strong></span> <span class='ocrx_word' id='word_1_71' title='bbox 812 497 857 527; x_wconf 86' lang='lat' dir='ltr'><strong>ita</strong></span> <span class='ocrx_word' id='word_1_72' title='bbox 889 496 1007 527; x_wconf 85' lang='lat' dir='ltr'><strong>dictum</strong></span> <span class='ocrx_word' id='word_1_73' title='bbox 1040 496 1096 528; x_wconf 82' lang='lat' dir='ltr'><strong>sit.</strong></span> <span class='ocrx_word' id='word_1_74' title='bbox 1131 495 1215 536; x_wconf 74' lang='lat' dir='ltr'><strong>quod</strong></span> <span class='ocrx_word' id='word_1_75' title='bbox 1246 506 1264 526; x_wconf 87' lang='lat' dir='ltr'><strong>a</strong></span> <span class='ocrx_word' id='word_1_76' title='bbox 1296 496 1382 527; x_wconf 82' lang='lat' dir='ltr'><strong>sonte</strong></span> <span class='ocrx_word' id='word_1_77' title='bbox 1414 496 1570 528; x_wconf 78' lang='lat' dir='ltr'><strong>manavit.</strong></span> <span class='ocrx_word' id='word_1_78' title='bbox 1606 496 1637 526; x_wconf 90' lang='lat' dir='ltr'><strong>in</strong></span> <span class='ocrx_word' id='word_1_79' title='bbox 1669 495 1770 526; x_wconf 81' lang='lat' dir='ltr'><strong>rivum</strong></span> <span class='ocrx_word' id='word_1_80' title='bbox 1801 494 1945 526; x_wconf 85' lang='lat' dir='ltr'><strong>defluxit.</strong></span> 
     </span>
     <span class='ocr_line' id='line_1_8' title="bbox 349 545 1945 587; baseline -0.004 -4"><span class='ocrx_word' id='word_1_81' title='bbox 349 556 354 582; x_wconf 94' lang='lat' dir='ltr'><strong>l</strong></span> <span class='ocrx_word' id='word_1_82' title='bbox 399 552 505 583; x_wconf 88' lang='lat' dir='ltr'><strong>lntulit</strong></span> <span class='ocrx_word' id='word_1_83' title='bbox 530 551 588 581; x_wconf 77' lang='lat' dir='ltr'><strong>hoe</strong></span> <span class='ocrx_word' id='word_1_84' title='bbox 612 549 709 587; x_wconf 62' lang='lat' dir='ltr'><strong>igitur</strong></span> <span class='ocrx_word' id='word_1_85' title='bbox 731 548 786 579; x_wconf 83' lang='lat' dir='ltr'><strong>illu</strong></span> <span class='ocrx_word' id='word_1_86' title='bbox 812 552 912 578; x_wconf 82' lang='lat' dir='ltr'><strong>muter</strong></span> <span class='ocrx_word' id='word_1_87' title='bbox 936 547 975 578; x_wconf 85' lang='lat' dir='ltr'><strong>de</strong></span> <span class='ocrx_word' id='word_1_88' title='bbox 999 557 1117 586; x_wconf 72' lang='lat' dir='ltr'><strong>genere</strong></span> <span class='ocrx_word' id='word_1_89' title='bbox 1142 546 1197 578; x_wconf 67' lang='lat' dir='ltr'><strong>seu</strong></span> <span class='ocrx_word' id='word_1_90' title='bbox 1222 557 1356 578; x_wconf 81' lang='lat' dir='ltr'><strong>noverca</strong></span> <span class='ocrx_word' id='word_1_91' title='bbox 1381 547 1420 578; x_wconf 88' lang='lat' dir='ltr'><strong>de</strong></span> <span class='ocrx_word' id='word_1_92' title='bbox 1445 547 1585 578; x_wconf 88' lang='lat' dir='ltr'><strong>crimine.</strong></span> <span class='ocrx_word' id='word_1_93' title='bbox 1613 546 1724 578; x_wconf 81' lang='lat' dir='ltr'><strong>infelix</strong></span> <span class='ocrx_word' id='word_1_94' title='bbox 1741 545 1862 577; x_wconf 84' lang='lat' dir='ltr'><strong>cunctis</strong></span> <span class='ocrx_word' id='word_1_95' title='bbox 1879 545 1945 576; x_wconf 81' lang='lat' dir='ltr'><strong>Eva</strong></span> 
     </span>
     <span class='ocr_line' id='line_1_9' title="bbox 327 597 1947 641; baseline -0.004 -7"><span class='ocrx_word' id='word_1_96' title='bbox 327 603 488 635; x_wconf 69' lang='lat' dir='ltr'><strong>monades.</strong></span> <span class='ocrx_word' id='word_1_97' title='bbox 516 601 598 641; x_wconf 72' lang='lat' dir='ltr'><strong>qumi</strong></span> <span class='ocrx_word' id='word_1_98' title='bbox 622 604 706 631; x_wconf 61' lang='lat' dir='ltr'><strong>reite</strong></span> <span class='ocrx_word' id='word_1_99' title='bbox 731 599 798 630; x_wconf 78' lang='lat' dir='ltr'><strong>sola</strong></span> <span class='ocrx_word' id='word_1_100' title='bbox 823 599 867 629; x_wconf 78' lang='lat' dir='ltr'><strong>sic</strong></span> <span class='ocrx_word' id='word_1_101' title='bbox 892 598 1009 629; x_wconf 79' lang='lat' dir='ltr'><strong>extruit</strong></span> <span class='ocrx_word' id='word_1_102' title='bbox 1033 601 1064 629; x_wconf 94' lang='lat' dir='ltr'><strong>ut</strong></span> <span class='ocrx_word' id='word_1_103' title='bbox 1089 597 1237 628; x_wconf 73' lang='lat' dir='ltr'><strong>universa</strong></span> <span class='ocrx_word' id='word_1_104' title='bbox 1254 597 1440 630; x_wconf 88' lang='lat' dir='ltr'><strong>destrueret.</strong></span> <span class='ocrx_word' id='word_1_105' title='bbox 1468 607 1537 628; x_wconf 91' lang='lat' dir='ltr'><strong>cum</strong></span> <span class='ocrx_word' id='word_1_106' title='bbox 1554 601 1696 628; x_wconf 76' lang='lat' dir='ltr'><strong>veterata</strong></span> <span class='ocrx_word' id='word_1_107' title='bbox 1712 597 1947 628; x_wconf 84' lang='lat' dir='ltr'><strong>machinatione</strong></span> 
     </span>
     <span class='ocr_line' id='line_1_10' title="bbox 326 648 1947 695; baseline -0.003 -11"><span class='ocrx_word' id='word_1_108' title='bbox 326 654 492 695; x_wconf 77' lang='lat' dir='ltr'><strong>decipulae</strong></span> <span class='ocrx_word' id='word_1_109' title='bbox 517 652 626 683; x_wconf 88' lang='lat' dir='ltr'><strong>rudem</strong></span> <span class='ocrx_word' id='word_1_110' title='bbox 653 651 751 681; x_wconf 72' lang='lat' dir='ltr'><strong>virum</strong></span> <span class='ocrx_word' id='word_1_111' title='bbox 777 649 924 690; x_wconf 72' lang='lat' dir='ltr'><strong>perderet</strong></span> <span class='ocrx_word' id='word_1_112' title='bbox 947 654 978 680; x_wconf 86' lang='lat' dir='ltr'><strong>ct</strong></span> <span class='ocrx_word' id='word_1_113' title='bbox 1002 649 1130 689; x_wconf 89' lang='lat' dir='ltr'><strong>periret.</strong></span> <span class='ocrx_word' id='word_1_114' title='bbox 1179 648 1235 679; x_wconf 71' lang='lat' dir='ltr'><strong>sed</strong></span> <span class='ocrx_word' id='word_1_115' title='bbox 1260 649 1366 689; x_wconf 83' lang='lat' dir='ltr'><strong>proles</strong></span> <span class='ocrx_word' id='word_1_116' title='bbox 1390 648 1466 688; x_wconf 82' lang='lat' dir='ltr'><strong>quid</strong></span> <span class='ocrx_word' id='word_1_117' title='bbox 1490 649 1563 679; x_wconf 85' lang='lat' dir='ltr'><strong>boui</strong></span> <span class='ocrx_word' id='word_1_118' title='bbox 1588 648 1700 679; x_wconf 84' lang='lat' dir='ltr'><strong>faciat.</strong></span> <span class='ocrx_word' id='word_1_119' title='bbox 1729 648 1756 679; x_wconf 79' lang='lat' dir='ltr'><strong>si</strong></span> <span class='ocrx_word' id='word_1_120' title='bbox 1780 657 1814 679; x_wconf 88' lang='lat' dir='ltr'><strong>se</strong></span> <span class='ocrx_word' id='word_1_121' title='bbox 1837 648 1869 679; x_wconf 90' lang='lat' dir='ltr'><strong>in</strong></span> <span class='ocrx_word' id='word_1_122' title='bbox 1894 657 1947 679; x_wconf 82' lang='lat' dir='ltr'><strong>ca-</strong></span> 
     </span>
     <span class='ocr_line' id='line_1_11' title="bbox 326 698 1946 742; baseline -0.004 -6"><span class='ocrx_word' id='word_1_123' title='bbox 326 705 476 736; x_wconf 82' lang='lat' dir='ltr'><strong>lumniam</strong></span> <span class='ocrx_word' id='word_1_124' title='bbox 503 704 551 734; x_wconf 80' lang='lat' dir='ltr'><strong>vel</strong></span> <span class='ocrx_word' id='word_1_125' title='bbox 574 702 648 733; x_wconf 83' lang='lat' dir='ltr'><strong>mali</strong></span> <span class='ocrx_word' id='word_1_126' title='bbox 667 701 807 742; x_wconf 76' lang='lat' dir='ltr'><strong>parentis</strong></span> <span class='ocrx_word' id='word_1_127' title='bbox 825 700 985 732; x_wconf 81' lang='lat' dir='ltr'><strong>extendat.</strong></span> <span class='ocrx_word' id='word_1_128' title='bbox 1013 705 1067 731; x_wconf 89' lang='lat' dir='ltr'><strong>aut</strong></span> <span class='ocrx_word' id='word_1_129' title='bbox 1085 704 1117 731; x_wconf 89' lang='lat' dir='ltr'><strong>ut</strong></span> <span class='ocrx_word' id='word_1_130' title='bbox 1133 699 1223 730; x_wconf 90' lang='lat' dir='ltr'><strong>illum</strong></span> <span class='ocrx_word' id='word_1_131' title='bbox 1240 700 1352 731; x_wconf 89' lang='lat' dir='ltr'><strong>iterum</strong></span> <span class='ocrx_word' id='word_1_132' title='bbox 1371 699 1568 731; x_wconf 87' lang='lat' dir='ltr'><strong>detrahendo</strong></span> <span class='ocrx_word' id='word_1_133' title='bbox 1585 699 1763 730; x_wconf 89' lang='lat' dir='ltr'><strong>remordeat</strong></span> <span class='ocrx_word' id='word_1_134' title='bbox 1777 698 1831 739; x_wconf 74' lang='lat' dir='ltr'><strong>qui</strong></span> <span class='ocrx_word' id='word_1_135' title='bbox 1847 698 1946 730; x_wconf 86' lang='lat' dir='ltr'><strong>semel</strong></span> 
     </span>
     <span class='ocr_line' id='line_1_12' title="bbox 326 750 1947 796; baseline -0.004 -9"><span class='ocrx_word' id='word_1_136' title='bbox 326 767 428 787; x_wconf 70' lang='lat' dir='ltr'><strong>morsu</strong></span> <span class='ocrx_word' id='word_1_137' title='bbox 455 755 600 796; x_wconf 88' lang='lat' dir='ltr'><strong>perierat.</strong></span> <span class='ocrx_word' id='word_1_138' title='bbox 629 763 698 784; x_wconf 89' lang='lat' dir='ltr'><strong>cum</strong></span> <span class='ocrx_word' id='word_1_139' title='bbox 718 753 787 793; x_wconf 83' lang='lat' dir='ltr'><strong>ipse</strong></span> <span class='ocrx_word' id='word_1_140' title='bbox 805 751 865 782; x_wconf 87' lang='lat' dir='ltr'><strong>sibi</strong></span> <span class='ocrx_word' id='word_1_141' title='bbox 883 751 1044 782; x_wconf 80' lang='lat' dir='ltr'><strong>suli&#39;ecerit</strong></span> <span class='ocrx_word' id='word_1_142' title='bbox 1060 760 1136 781; x_wconf 80' lang='lat' dir='ltr'><strong>suus</strong></span> <span class='ocrx_word' id='word_1_143' title='bbox 1155 751 1276 791; x_wconf 73' lang='lat' dir='ltr'><strong>lapsus,</strong></span> <span class='ocrx_word' id='word_1_144' title='bbox 1302 755 1409 782; x_wconf 81' lang='lat' dir='ltr'><strong>noster</strong></span> <span class='ocrx_word' id='word_1_145' title='bbox 1424 760 1556 782; x_wconf 84' lang='lat' dir='ltr'><strong>occasus</strong></span> <span class='ocrx_word' id='word_1_146' title='bbox 1567 754 1578 780; x_wconf 70' lang='grc' dir='ltr'><strong>ζ’</strong></span> <span class='ocrx_word' id='word_1_147' title='bbox 1674 752 1707 787; x_wconf 37' lang='grc' dir='ltr'><strong>’.ἰἠ</strong></span> <span class='ocrx_word' id='word_1_148' title='bbox 1738 750 1847 790; x_wconf 84' lang='lat' dir='ltr'><strong>ltaque</strong></span> <span class='ocrx_word' id='word_1_149' title='bbox 1872 753 1947 790; x_wconf 90' lang='lat' dir='ltr'><strong>puto</strong></span> 
     </span>
     <span class='ocr_line' id='line_1_13' title="bbox 325 800 1946 846; baseline -0.005 -7"><span class='ocrx_word' id='word_1_150' title='bbox 325 808 531 846; x_wconf 68' lang='lat' dir='ltr'><strong>incongruum</strong></span> <span class='ocrx_word' id='word_1_151' title='bbox 564 805 589 835; x_wconf 80' lang='lat' dir='ltr'><strong>si</strong></span> <span class='ocrx_word' id='word_1_152' title='bbox 621 804 670 835; x_wconf 77' lang='lat' dir='ltr'><strong>vel</strong></span> <span class='ocrx_word' id='word_1_153' title='bbox 702 804 791 834; x_wconf 87' lang='lat' dir='ltr'><strong>illum</strong></span> <span class='ocrx_word' id='word_1_154' title='bbox 824 812 999 833; x_wconf 84' lang='lat' dir='ltr'><strong>remorsero</strong></span> <span class='ocrx_word' id='word_1_155' title='bbox 1024 812 1080 843; x_wconf 91' lang='lat' dir='ltr'><strong>per</strong></span> <span class='ocrx_word' id='word_1_156' title='bbox 1102 811 1195 841; x_wconf 79' lang='lat' dir='ltr'><strong>quem</strong></span> <span class='ocrx_word' id='word_1_157' title='bbox 1220 802 1320 842; x_wconf 82' lang='lat' dir='ltr'><strong>gratis</strong></span> <span class='ocrx_word' id='word_1_158' title='bbox 1345 802 1430 833; x_wconf 80' lang='lat' dir='ltr'><strong>venit</strong></span> <span class='ocrx_word' id='word_1_159' title='bbox 1453 802 1632 841; x_wconf 73' lang='lat' dir='ltr'><strong>ingratum.</strong></span> <span class='ocrx_word' id='word_1_160' title='bbox 1667 801 1758 833; x_wconf 88' lang='lat' dir='ltr'><strong>cuius</strong></span> <span class='ocrx_word' id='word_1_161' title='bbox 1781 800 1946 832; x_wconf 83' lang='lat' dir='ltr'><strong>occasione</strong></span> 
     </span>
     <span class='ocr_line' id='line_1_14' title="bbox 325 852 1948 894; baseline -0.004 -5"><span class='ocrx_word' id='word_1_162' title='bbox 325 859 431 889; x_wconf 70' lang='lat' dir='ltr'><strong>vitalis</strong></span> <span class='ocrx_word' id='word_1_163' title='bbox 454 856 624 888; x_wconf 70' lang='lat' dir='ltr'><strong>alimoniae</strong></span> <span class='ocrx_word' id='word_1_164' title='bbox 650 865 732 886; x_wconf 78' lang='lat' dir='ltr'><strong>mors</strong></span> <span class='ocrx_word' id='word_1_165' title='bbox 757 854 859 894; x_wconf 84' lang='lat' dir='ltr'><strong>coepit</strong></span> <span class='ocrx_word' id='word_1_166' title='bbox 877 853 1018 894; x_wconf 62' lang='lat' dir='ltr'><strong>depasci,</strong></span> <span class='ocrx_word' id='word_1_167' title='bbox 1046 853 1096 884; x_wconf 91' lang='lat' dir='ltr'><strong>cui</strong></span> <span class='ocrx_word' id='word_1_168' title='bbox 1114 852 1188 883; x_wconf 90' lang='lat' dir='ltr'><strong>dum</strong></span> <span class='ocrx_word' id='word_1_169' title='bbox 1205 853 1366 884; x_wconf 92' lang='lat' dir='ltr'><strong>oculorum</strong></span> <span class='ocrx_word' id='word_1_170' title='bbox 1383 853 1504 894; x_wconf 89' lang='lat' dir='ltr'><strong>apertio</strong></span> <span class='ocrx_word' id='word_1_171' title='bbox 1520 852 1720 894; x_wconf 81' lang='lat' dir='ltr'><strong>promittitur.</strong></span> <span class='ocrx_word' id='word_1_172' title='bbox 1747 852 1802 883; x_wconf 82' lang='lat' dir='ltr'><strong>lux</strong></span> <span class='ocrx_word' id='word_1_173' title='bbox 1819 852 1948 892; x_wconf 81' lang='lat' dir='ltr'><strong>fugatur</strong></span> 
     </span>
     <span class='ocr_line' id='line_1_15' title="bbox 323 903 1945 948; baseline -0.004 -7"><span class='ocrx_word' id='word_1_174' title='bbox 323 915 354 941; x_wconf 92' lang='lat' dir='ltr'><strong>et</strong></span> <span class='ocrx_word' id='word_1_175' title='bbox 383 909 549 940; x_wconf 79' lang='lat' dir='ltr'><strong>divinitate</strong></span> <span class='ocrx_word' id='word_1_176' title='bbox 582 907 734 948; x_wconf 72' lang='lat' dir='ltr'><strong>promissa</strong></span> <span class='ocrx_word' id='word_1_177' title='bbox 766 906 857 936; x_wconf 87' lang='lat' dir='ltr'><strong>homo</strong></span> <span class='ocrx_word' id='word_1_178' title='bbox 889 905 998 945; x_wconf 76' lang='lat' dir='ltr'><strong>lapsus</strong></span> <span class='ocrx_word' id='word_1_179' title='bbox 1029 904 1110 935; x_wconf 88' lang='lat' dir='ltr'><strong>redit</strong></span> <span class='ocrx_word' id='word_1_180' title='bbox 1137 904 1169 935; x_wconf 91' lang='lat' dir='ltr'><strong>in</strong></span> <span class='ocrx_word' id='word_1_181' title='bbox 1200 909 1334 935; x_wconf 83' lang='lat' dir='ltr'><strong>terram:</strong></span> <span class='ocrx_word' id='word_1_182' title='bbox 1370 904 1443 935; x_wconf 90' lang='lat' dir='ltr'><strong>hinc</strong></span> <span class='ocrx_word' id='word_1_183' title='bbox 1474 908 1522 935; x_wconf 84' lang='lat' dir='ltr'><strong>est</strong></span> <span class='ocrx_word' id='word_1_184' title='bbox 1551 903 1635 943; x_wconf 84' lang='lat' dir='ltr'><strong>quod</strong></span> <span class='ocrx_word' id='word_1_185' title='bbox 1663 903 1782 944; x_wconf 91' lang='lat' dir='ltr'><strong>prolem</strong></span> <span class='ocrx_word' id='word_1_186' title='bbox 1806 903 1945 943; x_wconf 83' lang='lat' dir='ltr'><strong>genitam</strong></span> 
     </span>
    </p>
   </div>
   <div class='ocr_carea' id='block_1_5' title="bbox 325 954 1948 1099">
    <p class='ocr_par' dir='ltr' id='par_1_5' title="bbox 325 954 1948 1099">
     <span class='ocr_line' id='line_1_16' title="bbox 325 954 1943 997; baseline -0.004 -5"><span class='ocrx_word' id='word_1_187' title='bbox 325 970 441 993; x_wconf 77' lang='lat' dir='ltr'><strong>nocens</strong></span> <span class='ocrx_word' id='word_1_188' title='bbox 475 969 547 991; x_wconf 74' lang='lat' dir='ltr'><strong>esra</strong></span> <span class='ocrx_word' id='word_1_189' title='bbox 581 958 675 989; x_wconf 78' lang='lat' dir='ltr'><strong>traxit</strong></span> <span class='ocrx_word' id='word_1_190' title='bbox 709 957 740 988; x_wconf 91' lang='lat' dir='ltr'><strong>in</strong></span> <span class='ocrx_word' id='word_1_191' title='bbox 775 955 939 997; x_wconf 78' lang='lat' dir='ltr'><strong>praedam.</strong></span> <span class='ocrx_word' id='word_1_192' title='bbox 1053 957 1079 993; x_wconf 66' lang='lat' dir='ltr'><strong>li)</strong></span> <span class='ocrx_word' id='word_1_193' title='bbox 1122 955 1210 986; x_wconf 77' lang='lat' dir='ltr'><strong>Fecit</strong></span> <span class='ocrx_word' id='word_1_194' title='bbox 1244 955 1299 986; x_wconf 91' lang='lat' dir='ltr'><strong>illa</strong></span> <span class='ocrx_word' id='word_1_195' title='bbox 1334 955 1504 995; x_wconf 78' lang='lat' dir='ltr'><strong>captivitas</strong></span> <span class='ocrx_word' id='word_1_196' title='bbox 1538 964 1596 986; x_wconf 89' lang='lat' dir='ltr'><strong>nos</strong></span> <span class='ocrx_word' id='word_1_197' title='bbox 1630 954 1789 995; x_wconf 70' lang='lat' dir='ltr'><strong>prosperis</strong></span> <span class='ocrx_word' id='word_1_198' title='bbox 1822 954 1943 993; x_wconf 67' lang='lat' dir='ltr'><strong>exules,</strong></span> 
     </span>
     <span class='ocr_line' id='line_1_17' title="bbox 325 1005 1948 1048; baseline -0.004 -6"><span class='ocrx_word' id='word_1_199' title='bbox 325 1012 470 1043; x_wconf 67' lang='lat' dir='ltr'><strong>adversis</strong></span> <span class='ocrx_word' id='word_1_200' title='bbox 493 1014 669 1041; x_wconf 62' lang='lat' dir='ltr'><strong>cons-oties.</strong></span> <span class='ocrx_word' id='word_1_201' title='bbox 705 1012 735 1039; x_wconf 89' lang='lat' dir='ltr'><strong>et</strong></span> <span class='ocrx_word' id='word_1_202' title='bbox 758 1011 879 1039; x_wconf 88' lang='lat' dir='ltr'><strong>tantum</strong></span> <span class='ocrx_word' id='word_1_203' title='bbox 904 1006 1118 1048; x_wconf 73' lang='lat' dir='ltr'><strong>peregiinatio</strong></span> <span class='ocrx_word' id='word_1_204' title='bbox 1141 1006 1284 1046; x_wconf 80' lang='lat' dir='ltr'><strong>gravior.</strong></span> <span class='ocrx_word' id='word_1_205' title='bbox 1319 1016 1413 1046; x_wconf 82' lang='lat' dir='ltr'><strong>quam</strong></span> <span class='ocrx_word' id='word_1_206' title='bbox 1438 1015 1521 1037; x_wconf 88' lang='lat' dir='ltr'><strong>mors</strong></span> <span class='ocrx_word' id='word_1_207' title='bbox 1545 1006 1624 1037; x_wconf 88' lang='lat' dir='ltr'><strong>dura</strong></span> <span class='ocrx_word' id='word_1_208' title='bbox 1648 1006 1759 1037; x_wconf 87' lang='lat' dir='ltr'><strong>notior.</strong></span> <span class='ocrx_word' id='word_1_209' title='bbox 1808 1005 1948 1036; x_wconf 83' lang='lat' dir='ltr'><strong>nascitur</strong></span> 
     </span>
     <span class='ocr_line' id='line_1_18' title="bbox 325 1056 1947 1099; baseline -0.004 -5"><span class='ocrx_word' id='word_1_210' title='bbox 325 1064 364 1094; x_wconf 84' lang='lat' dir='ltr'><strong>ab</strong></span> <span class='ocrx_word' id='word_1_211' title='bbox 383 1063 483 1093; x_wconf 64' lang='lat' dir='ltr'><strong>Adam</strong></span> <span class='ocrx_word' id='word_1_212' title='bbox 509 1065 614 1092; x_wconf 73' lang='lat' dir='ltr'><strong>vetere</strong></span> <span class='ocrx_word' id='word_1_213' title='bbox 639 1069 738 1099; x_wconf 78' lang='lat' dir='ltr'><strong>usque</strong></span> <span class='ocrx_word' id='word_1_214' title='bbox 762 1059 803 1090; x_wconf 85' lang='lat' dir='ltr'><strong>ad</strong></span> <span class='ocrx_word' id='word_1_215' title='bbox 826 1068 942 1089; x_wconf 78' lang='lat' dir='ltr'><strong>novum</strong></span> <span class='ocrx_word' id='word_1_216' title='bbox 967 1058 1126 1089; x_wconf 87' lang='lat' dir='ltr'><strong>hominem</strong></span> <span class='ocrx_word' id='word_1_217' title='bbox 1151 1057 1215 1089; x_wconf 80' lang='lat' dir='ltr'><strong>vita</strong></span> <span class='ocrx_word' id='word_1_218' title='bbox 1239 1062 1347 1088; x_wconf 87' lang='lat' dir='ltr'><strong>nostra</strong></span> <span class='ocrx_word' id='word_1_219' title='bbox 1371 1067 1442 1088; x_wconf 87' lang='lat' dir='ltr'><strong>enm</strong></span> <span class='ocrx_word' id='word_1_220' title='bbox 1466 1061 1576 1088; x_wconf 89' lang='lat' dir='ltr'><strong>morte.</strong></span> <span class='ocrx_word' id='word_1_221' title='bbox 1682 1059 1709 1092; x_wconf 60' lang='lat'><strong>7¹1</strong></span> <span class='ocrx_word' id='word_1_222' title='bbox 1739 1056 1820 1088; x_wconf 89' lang='lat' dir='ltr'><strong>Hinc</strong></span> <span class='ocrx_word' id='word_1_223' title='bbox 1839 1066 1872 1088; x_wconf 86' lang='lat' dir='ltr'><strong>se</strong></span> <span class='ocrx_word' id='word_1_224' title='bbox 1889 1065 1947 1087; x_wconf 86' lang='lat' dir='ltr'><strong>nec</strong></span> 
     </span>
    </p>
   </div>
   <div class='ocr_carea' id='block_1_6' title="bbox 324 1107 1949 1919">
    <p class='ocr_par' dir='ltr' id='par_1_6' title="bbox 324 1107 1949 1919">
     <span class='ocr_line' id='line_1_19' title="bbox 326 1107 1946 1149; baseline -0.004 -4"><span class='ocrx_word' id='word_1_225' title='bbox 326 1114 405 1145; x_wconf 74' lang='lat' dir='ltr'><strong>Abel</strong></span> <span class='ocrx_word' id='word_1_226' title='bbox 431 1113 517 1144; x_wconf 80' lang='lat' dir='ltr'><strong>exuit</strong></span> <span class='ocrx_word' id='word_1_227' title='bbox 539 1122 597 1143; x_wconf 87' lang='lat' dir='ltr'><strong>nec</strong></span> <span class='ocrx_word' id='word_1_228' title='bbox 614 1110 720 1142; x_wconf 84' lang='lat' dir='ltr'><strong>Enoch</strong></span> <span class='ocrx_word' id='word_1_229' title='bbox 745 1109 877 1149; x_wconf 80' lang='lat' dir='ltr'><strong>effugiet</strong></span> <span class='ocrx_word' id='word_1_230' title='bbox 900 1119 1002 1149; x_wconf 75' lang='lat' dir='ltr'><strong>neque</strong></span> <span class='ocrx_word' id='word_1_231' title='bbox 1019 1109 1087 1140; x_wconf 81' lang='lat' dir='ltr'><strong>Noc</strong></span> <span class='ocrx_word' id='word_1_232' title='bbox 1112 1118 1146 1139; x_wconf 89' lang='lat' dir='ltr'><strong>se</strong></span> <span class='ocrx_word' id='word_1_233' title='bbox 1171 1108 1336 1148; x_wconf 81' lang='lat' dir='ltr'><strong>subtraxit,</strong></span> <span class='ocrx_word' id='word_1_234' title='bbox 1364 1108 1417 1148; x_wconf 79' lang='lat' dir='ltr'><strong>qui</strong></span> <span class='ocrx_word' id='word_1_235' title='bbox 1441 1107 1561 1139; x_wconf 72' lang='lat' dir='ltr'><strong>diluvio</strong></span> <span class='ocrx_word' id='word_1_236' title='bbox 1585 1112 1716 1139; x_wconf 85' lang='lat' dir='ltr'><strong>mortem</strong></span> <span class='ocrx_word' id='word_1_237' title='bbox 1740 1107 1864 1139; x_wconf 84' lang='lat' dir='ltr'><strong>distulit</strong></span> <span class='ocrx_word' id='word_1_238' title='bbox 1885 1117 1946 1138; x_wconf 88' lang='lat' dir='ltr'><strong>non</strong></span> 
     </span>
     <span class='ocr_line' id='line_1_20' title="bbox 327 1158 1948 1203; baseline -0.004 -8"><span class='ocrx_word' id='word_1_239' title='bbox 327 1164 475 1196; x_wconf 71' lang='lat' dir='ltr'><strong>mutavit:</strong></span> <span class='ocrx_word' id='word_1_240' title='bbox 503 1163 561 1194; x_wconf 81' lang='lat' dir='ltr'><strong>hoc</strong></span> <span class='ocrx_word' id='word_1_241' title='bbox 584 1161 765 1203; x_wconf 86' lang='lat' dir='ltr'><strong>patriarcha</strong></span> <span class='ocrx_word' id='word_1_242' title='bbox 787 1170 849 1191; x_wconf 89' lang='lat' dir='ltr'><strong>nou</strong></span> <span class='ocrx_word' id='word_1_243' title='bbox 874 1159 1009 1192; x_wconf 85' lang='lat' dir='ltr'><strong>rennuit.</strong></span> <span class='ocrx_word' id='word_1_244' title='bbox 1036 1160 1118 1191; x_wconf 86' lang='lat' dir='ltr'><strong>hanc</strong></span> <span class='ocrx_word' id='word_1_245' title='bbox 1143 1160 1248 1199; x_wconf 81' lang='lat' dir='ltr'><strong>legem</strong></span> <span class='ocrx_word' id='word_1_246' title='bbox 1265 1159 1380 1199; x_wconf 71' lang='lat' dir='ltr'><strong>legifer</strong></span> <span class='ocrx_word' id='word_1_247' title='bbox 1395 1169 1457 1190; x_wconf 89' lang='lat' dir='ltr'><strong>non</strong></span> <span class='ocrx_word' id='word_1_248' title='bbox 1474 1159 1599 1197; x_wconf 69' lang='lat' dir='ltr'><strong>avertit,</strong></span> <span class='ocrx_word' id='word_1_249' title='bbox 1627 1158 1782 1200; x_wconf 87' lang='lat' dir='ltr'><strong>propheta</strong></span> <span class='ocrx_word' id='word_1_250' title='bbox 1797 1158 1948 1190; x_wconf 86' lang='lat' dir='ltr'><strong>sustinuit</strong></span> 
     </span>
     <span class='ocr_line' id='line_1_21' title="bbox 326 1209 1948 1257; baseline -0.004 -10"><span class='ocrx_word' id='word_1_251' title='bbox 326 1221 357 1247; x_wconf 92' lang='lat' dir='ltr'><strong>et</strong></span> <span class='ocrx_word' id='word_1_252' title='bbox 380 1216 560 1257; x_wconf 81' lang='lat' dir='ltr'><strong>plusquam</strong></span> <span class='ocrx_word' id='word_1_253' title='bbox 578 1213 731 1254; x_wconf 85' lang='lat' dir='ltr'><strong>propheta</strong></span> <span class='ocrx_word' id='word_1_254' title='bbox 749 1211 929 1243; x_wconf 84' lang='lat' dir='ltr'><strong>succubuit:</strong></span> <span class='ocrx_word' id='word_1_255' title='bbox 959 1213 1055 1242; x_wconf 57' lang='lat' dir='ltr'><strong>Sarra</strong></span> <span class='ocrx_word' id='word_1_256' title='bbox 1077 1220 1212 1251; x_wconf 75' lang='lat' dir='ltr'><strong>quoque⁷</strong></span> <span class='ocrx_word' id='word_1_257' title='bbox 1240 1211 1387 1242; x_wconf 83' lang='lat' dir='ltr'><strong>Rebecca</strong></span> <span class='ocrx_word' id='word_1_258' title='bbox 1410 1210 1530 1241; x_wconf 82' lang='lat' dir='ltr'><strong>Rachel</strong></span> <span class='ocrx_word' id='word_1_259' title='bbox 1554 1211 1646 1241; x_wconf 87' lang='lat' dir='ltr'><strong>Anna</strong></span> <span class='ocrx_word' id='word_1_260' title='bbox 1670 1209 1847 1245; x_wconf 72' lang='lat' dir='ltr'><strong>Elisabeth,</strong></span> <span class='ocrx_word' id='word_1_261' title='bbox 1874 1209 1948 1241; x_wconf 86' lang='lat' dir='ltr'><strong>licet</strong></span> 
     </span>
     <span class='ocr_line' id='line_1_22' title="bbox 327 1260 1944 1301; baseline -0.002 -4"><span class='ocrx_word' id='word_1_262' title='bbox 327 1276 422 1298; x_wconf 83' lang='lat' dir='ltr'><strong>sexus</strong></span> <span class='ocrx_word' id='word_1_263' title='bbox 445 1265 590 1297; x_wconf 75' lang='lat' dir='ltr'><strong>int&#39;eiior.</strong></span> <span class='ocrx_word' id='word_1_264' title='bbox 624 1267 731 1295; x_wconf 89' lang='lat' dir='ltr'><strong>tamen</strong></span> <span class='ocrx_word' id='word_1_265' title='bbox 762 1263 818 1294; x_wconf 87' lang='lat' dir='ltr'><strong>hoc</strong></span> <span class='ocrx_word' id='word_1_266' title='bbox 850 1262 944 1293; x_wconf 85' lang='lat' dir='ltr'><strong>simul</strong></span> <span class='ocrx_word' id='word_1_267' title='bbox 975 1262 1054 1293; x_wconf 85' lang='lat' dir='ltr'><strong>bibit</strong></span> <span class='ocrx_word' id='word_1_268' title='bbox 1080 1271 1236 1293; x_wconf 85' lang='lat' dir='ltr'><strong>amarum.</strong></span> <span class='ocrx_word' id='word_1_269' title='bbox 1334 1263 1369 1299; x_wconf 70' lang='lat' dir='ltr'><strong>§j</strong></span> <span class='ocrx_word' id='word_1_270' title='bbox 1399 1261 1481 1299; x_wconf 79' lang='lat' dir='ltr'><strong>Quid</strong></span> <span class='ocrx_word' id='word_1_271' title='bbox 1505 1265 1716 1301; x_wconf 86' lang='lat' dir='ltr'><strong>conqueratur</strong></span> <span class='ocrx_word' id='word_1_272' title='bbox 1738 1261 1778 1292; x_wconf 87' lang='lat' dir='ltr'><strong>de</strong></span> <span class='ocrx_word' id='word_1_273' title='bbox 1802 1260 1944 1300; x_wconf 84' lang='lat' dir='ltr'><strong>reliquis.</strong></span> 
     </span>
     <span class='ocr_line' id='line_1_23' title="bbox 328 1312 1947 1358; baseline -0.004 -9"><span class='ocrx_word' id='word_1_274' title='bbox 328 1328 397 1350; x_wconf 88' lang='lat' dir='ltr'><strong>cnm</strong></span> <span class='ocrx_word' id='word_1_275' title='bbox 421 1318 490 1358; x_wconf 84' lang='lat' dir='ltr'><strong>ipsc</strong></span> <span class='ocrx_word' id='word_1_276' title='bbox 514 1315 722 1355; x_wconf 78' lang='lat' dir='ltr'><strong>tliumphator</strong></span> <span class='ocrx_word' id='word_1_277' title='bbox 744 1314 854 1345; x_wconf 88' lang='lat' dir='ltr'><strong>mortis</strong></span> <span class='ocrx_word' id='word_1_278' title='bbox 878 1324 932 1354; x_wconf 92' lang='lat' dir='ltr'><strong>pro</strong></span> <span class='ocrx_word' id='word_1_279' title='bbox 956 1317 1046 1354; x_wconf 91' lang='lat' dir='ltr'><strong>parte</strong></span> <span class='ocrx_word' id='word_1_280' title='bbox 1070 1323 1133 1353; x_wconf 83' lang='lat' dir='ltr'><strong>qua</strong></span> <span class='ocrx_word' id='word_1_281' title='bbox 1156 1322 1228 1344; x_wconf 87' lang='lat' dir='ltr'><strong>caro</strong></span> <span class='ocrx_word' id='word_1_282' title='bbox 1252 1313 1356 1344; x_wconf 85' lang='lat' dir='ltr'><strong>factus</strong></span> <span class='ocrx_word' id='word_1_283' title='bbox 1380 1316 1428 1344; x_wconf 85' lang='lat' dir='ltr'><strong>est</strong></span> <span class='ocrx_word' id='word_1_284' title='bbox 1451 1316 1482 1344; x_wconf 88' lang='lat' dir='ltr'><strong>et</strong></span> <span class='ocrx_word' id='word_1_285' title='bbox 1505 1312 1596 1344; x_wconf 85' lang='lat' dir='ltr'><strong>morti</strong></span> <span class='ocrx_word' id='word_1_286' title='bbox 1619 1312 1782 1343; x_wconf 87' lang='lat' dir='ltr'><strong>subiectus</strong></span> <span class='ocrx_word' id='word_1_287' title='bbox 1797 1314 1867 1343; x_wconf 72' lang='lat' dir='ltr'><strong>est?</strong></span> <span class='ocrx_word' id='word_1_288' title='bbox 1889 1321 1947 1343; x_wconf 89' lang='lat' dir='ltr'><strong>uec</strong></span> 
     </span>
     <span class='ocr_line' id='line_1_24' title="bbox 326 1363 1948 1409; baseline -0.004 -9"><span class='ocrx_word' id='word_1_289' title='bbox 326 1370 429 1400; x_wconf 83' lang='lat' dir='ltr'><strong>fuerat</strong></span> <span class='ocrx_word' id='word_1_290' title='bbox 451 1368 564 1409; x_wconf 86' lang='lat' dir='ltr'><strong>plenus</strong></span> <span class='ocrx_word' id='word_1_291' title='bbox 588 1366 698 1398; x_wconf 85' lang='lat' dir='ltr'><strong>homo.</strong></span> <span class='ocrx_word' id='word_1_292' title='bbox 727 1366 753 1396; x_wconf 91' lang='lat' dir='ltr'><strong>si</strong></span> <span class='ocrx_word' id='word_1_293' title='bbox 777 1375 839 1396; x_wconf 88' lang='lat' dir='ltr'><strong>non</strong></span> <span class='ocrx_word' id='word_1_294' title='bbox 863 1364 1017 1396; x_wconf 79' lang='lat' dir='ltr'><strong>sensisset</strong></span> <span class='ocrx_word' id='word_1_295' title='bbox 1040 1368 1072 1395; x_wconf 87' lang='lat' dir='ltr'><strong>et</strong></span> <span class='ocrx_word' id='word_1_296' title='bbox 1093 1364 1268 1395; x_wconf 88' lang='lat' dir='ltr'><strong>tumulum:</strong></span> <span class='ocrx_word' id='word_1_297' title='bbox 1303 1373 1361 1395; x_wconf 88' lang='lat' dir='ltr'><strong>nec</strong></span> <span class='ocrx_word' id='word_1_298' title='bbox 1385 1364 1464 1395; x_wconf 91' lang='lat' dir='ltr'><strong>deus</strong></span> <span class='ocrx_word' id='word_1_299' title='bbox 1488 1363 1686 1397; x_wconf 73' lang='lat' dir='ltr'><strong>crederetur.</strong></span> <span class='ocrx_word' id='word_1_300' title='bbox 1719 1363 1781 1394; x_wconf 85' lang='lat' dir='ltr'><strong>nisi</strong></span> <span class='ocrx_word' id='word_1_301' title='bbox 1804 1366 1948 1403; x_wconf 85' lang='lat' dir='ltr'><strong>surgeret</strong></span> 
     </span>
     <span class='ocr_line' id='line_1_25' title="bbox 325 1413 1947 1460; baseline -0.004 -8"><span class='ocrx_word' id='word_1_302' title='bbox 325 1421 364 1452; x_wconf 89' lang='lat' dir='ltr'><strong>dc</strong></span> <span class='ocrx_word' id='word_1_303' title='bbox 396 1419 575 1460; x_wconf 80' lang='lat' dir='ltr'><strong>sepulchro.</strong></span> <span class='ocrx_word' id='word_1_304' title='bbox 671 1418 698 1458; x_wconf 80' lang='lat'><strong>(9</strong></span> <span class='ocrx_word' id='word_1_305' title='bbox 742 1416 823 1447; x_wconf 88' lang='lat' dir='ltr'><strong>Hinc</strong></span> <span class='ocrx_word' id='word_1_306' title='bbox 854 1419 903 1448; x_wconf 87' lang='lat' dir='ltr'><strong>est</strong></span> <span class='ocrx_word' id='word_1_307' title='bbox 933 1415 1019 1456; x_wconf 86' lang='lat' dir='ltr'><strong>quod</strong></span> <span class='ocrx_word' id='word_1_308' title='bbox 1049 1416 1175 1455; x_wconf 72' lang='lat' dir='ltr'><strong>loquor,</strong></span> <span class='ocrx_word' id='word_1_309' title='bbox 1210 1415 1374 1446; x_wconf 86' lang='lat' dir='ltr'><strong>carissime</strong></span> <span class='ocrx_word' id='word_1_310' title='bbox 1406 1419 1437 1446; x_wconf 88' lang='lat' dir='ltr'><strong>et</strong></span> <span class='ocrx_word' id='word_1_311' title='bbox 1466 1414 1549 1446; x_wconf 89' lang='lat' dir='ltr'><strong>fidae</strong></span> <span class='ocrx_word' id='word_1_312' title='bbox 1573 1414 1753 1446; x_wconf 82' lang='lat' dir='ltr'><strong>dilectionis</strong></span> <span class='ocrx_word' id='word_1_313' title='bbox 1775 1413 1853 1445; x_wconf 92' lang='lat' dir='ltr'><strong>mihi</strong></span> <span class='ocrx_word' id='word_1_314' title='bbox 1875 1417 1947 1445; x_wconf 80' lang='lat' dir='ltr'><strong>voto</strong></span> 
     </span>
     <span class='ocr_line' id='line_1_26' title="bbox 327 1465 1947 1509; baseline -0.004 -7"><span class='ocrx_word' id='word_1_315' title='bbox 327 1481 456 1503; x_wconf 85' lang='lat' dir='ltr'><strong>conexc.</strong></span> <span class='ocrx_word' id='word_1_316' title='bbox 483 1480 520 1501; x_wconf 90' lang='lat' dir='ltr'><strong>eo</strong></span> <span class='ocrx_word' id='word_1_317' title='bbox 544 1469 628 1508; x_wconf 81' lang='lat' dir='ltr'><strong>quod</strong></span> <span class='ocrx_word' id='word_1_318' title='bbox 651 1472 722 1502; x_wconf 86' lang='lat' dir='ltr'><strong>tuos</strong></span> <span class='ocrx_word' id='word_1_319' title='bbox 745 1478 802 1509; x_wconf 89' lang='lat' dir='ltr'><strong>per</strong></span> <span class='ocrx_word' id='word_1_320' title='bbox 824 1467 932 1508; x_wconf 80' lang='lat' dir='ltr'><strong>apices</strong></span> <span class='ocrx_word' id='word_1_321' title='bbox 955 1470 1049 1498; x_wconf 85' lang='lat' dir='ltr'><strong>natac</strong></span> <span class='ocrx_word' id='word_1_322' title='bbox 1067 1470 1196 1498; x_wconf 86' lang='lat' dir='ltr'><strong>sanctae</strong></span> <span class='ocrx_word' id='word_1_323' title='bbox 1212 1466 1380 1498; x_wconf 85' lang='lat' dir='ltr'><strong>transitum</strong></span> <span class='ocrx_word' id='word_1_324' title='bbox 1397 1465 1609 1506; x_wconf 81' lang='lat' dir='ltr'><strong>conqueraris,</strong></span> <span class='ocrx_word' id='word_1_325' title='bbox 1635 1465 1689 1496; x_wconf 68' lang='lat' dir='ltr'><strong>vix</strong></span> <span class='ocrx_word' id='word_1_326' title='bbox 1704 1465 1845 1506; x_wconf 83' lang='lat' dir='ltr'><strong>singultu</strong></span> <span class='ocrx_word' id='word_1_327' title='bbox 1861 1474 1947 1496; x_wconf 87' lang='lat' dir='ltr'><strong>rum-</strong></span> 
     </span>
     <span class='ocr_line' id='line_1_27' title="bbox 326 1516 1946 1564; baseline -0.004 -11"><span class='ocrx_word' id='word_1_328' title='bbox 326 1526 420 1564; x_wconf 89' lang='lat' dir='ltr'><strong>pente</strong></span> <span class='ocrx_word' id='word_1_329' title='bbox 451 1521 598 1552; x_wconf 84' lang='lat' dir='ltr'><strong>indicans</strong></span> <span class='ocrx_word' id='word_1_330' title='bbox 629 1520 752 1551; x_wconf 88' lang='lat' dir='ltr'><strong>calamo</strong></span> <span class='ocrx_word' id='word_1_331' title='bbox 781 1518 882 1550; x_wconf 84' lang='lat' dir='ltr'><strong>tristi.</strong></span> <span class='ocrx_word' id='word_1_332' title='bbox 925 1518 1110 1550; x_wconf 85' lang='lat' dir='ltr'><strong>decennalis</strong></span> <span class='ocrx_word' id='word_1_333' title='bbox 1147 1517 1262 1549; x_wconf 88' lang='lat' dir='ltr'><strong>aetatis</strong></span> <span class='ocrx_word' id='word_1_334' title='bbox 1294 1517 1439 1549; x_wconf 89' lang='lat' dir='ltr'><strong>inruente</strong></span> <span class='ocrx_word' id='word_1_335' title='bbox 1470 1517 1581 1548; x_wconf 88' lang='lat' dir='ltr'><strong>funere</strong></span> <span class='ocrx_word' id='word_1_336' title='bbox 1612 1516 1789 1558; x_wconf 82' lang='lat' dir='ltr'><strong>pubertatis</strong></span> <span class='ocrx_word' id='word_1_337' title='bbox 1817 1519 1946 1548; x_wconf 84' lang='lat' dir='ltr'><strong>tenerae</strong></span> 
     </span>
     <span class='ocr_line' id='line_1_28' title="bbox 326 1567 1947 1611; baseline -0.004 -7"><span class='ocrx_word' id='word_1_338' title='bbox 326 1573 456 1605; x_wconf 76' lang='lat' dir='ltr'><strong>floscula</strong></span> <span class='ocrx_word' id='word_1_339' title='bbox 480 1571 664 1607; x_wconf 68' lang='lat' dir='ltr'><strong>marcuisse,</strong></span> <span class='ocrx_word' id='word_1_340' title='bbox 693 1581 763 1602; x_wconf 89' lang='lat' dir='ltr'><strong>cum</strong></span> <span class='ocrx_word' id='word_1_341' title='bbox 787 1579 889 1611; x_wconf 88' lang='lat' dir='ltr'><strong>paene</strong></span> <span class='ocrx_word' id='word_1_342' title='bbox 913 1569 1049 1610; x_wconf 85' lang='lat' dir='ltr'><strong>nuptiali</strong></span> <span class='ocrx_word' id='word_1_343' title='bbox 1074 1572 1209 1600; x_wconf 84' lang='lat' dir='ltr'><strong>retracta</strong></span> <span class='ocrx_word' id='word_1_344' title='bbox 1232 1568 1271 1600; x_wconf 89' lang='lat' dir='ltr'><strong>de</strong></span> <span class='ocrx_word' id='word_1_345' title='bbox 1295 1568 1403 1600; x_wconf 88' lang='lat' dir='ltr'><strong>limine</strong></span> <span class='ocrx_word' id='word_1_346' title='bbox 1426 1578 1488 1599; x_wconf 90' lang='lat' dir='ltr'><strong>non</strong></span> <span class='ocrx_word' id='word_1_347' title='bbox 1512 1567 1555 1599; x_wconf 90' lang='lat' dir='ltr'><strong>ad</strong></span> <span class='ocrx_word' id='word_1_348' title='bbox 1570 1568 1670 1609; x_wconf 89' lang='lat' dir='ltr'><strong>patris</strong></span> <span class='ocrx_word' id='word_1_349' title='bbox 1685 1571 1791 1599; x_wconf 78' lang='lat' dir='ltr'><strong>votum</strong></span> <span class='ocrx_word' id='word_1_350' title='bbox 1806 1567 1947 1598; x_wconf 86' lang='lat' dir='ltr'><strong>thalamo</strong></span> 
     </span>
     <span class='ocr_line' id='line_1_29' title="bbox 326 1617 1947 1661; baseline -0.004 -5"><span class='ocrx_word' id='word_1_351' title='bbox 326 1625 419 1656; x_wconf 87' lang='lat' dir='ltr'><strong>datur</strong></span> <span class='ocrx_word' id='word_1_352' title='bbox 442 1623 499 1655; x_wconf 86' lang='lat' dir='ltr'><strong>sed</strong></span> <span class='ocrx_word' id='word_1_353' title='bbox 522 1623 661 1661; x_wconf 64' lang='lat' dir='ltr'><strong>tumulo,</strong></span> <span class='ocrx_word' id='word_1_354' title='bbox 696 1626 726 1653; x_wconf 91' lang='lat' dir='ltr'><strong>ct</strong></span> <span class='ocrx_word' id='word_1_355' title='bbox 751 1621 877 1653; x_wconf 80' lang='lat' dir='ltr'><strong>diverso</strong></span> <span class='ocrx_word' id='word_1_356' title='bbox 901 1620 1022 1652; x_wconf 90' lang='lat' dir='ltr'><strong>cantico</strong></span> <span class='ocrx_word' id='word_1_357' title='bbox 1045 1630 1107 1651; x_wconf 90' lang='lat' dir='ltr'><strong>nou</strong></span> <span class='ocrx_word' id='word_1_358' title='bbox 1130 1624 1197 1651; x_wconf 90' lang='lat' dir='ltr'><strong>toro</strong></span> <span class='ocrx_word' id='word_1_359' title='bbox 1221 1619 1357 1651; x_wconf 88' lang='lat' dir='ltr'><strong>traditur</strong></span> <span class='ocrx_word' id='word_1_360' title='bbox 1379 1619 1437 1651; x_wconf 85' lang='lat' dir='ltr'><strong>sed</strong></span> <span class='ocrx_word' id='word_1_361' title='bbox 1461 1619 1646 1660; x_wconf 89' lang='lat' dir='ltr'><strong>sepulchro.</strong></span> <span class='ocrx_word' id='word_1_362' title='bbox 1681 1618 1723 1650; x_wconf 91' lang='lat' dir='ltr'><strong>ad</strong></span> <span class='ocrx_word' id='word_1_363' title='bbox 1753 1618 1844 1650; x_wconf 88' lang='lat' dir='ltr'><strong>cuius</strong></span> <span class='ocrx_word' id='word_1_364' title='bbox 1867 1617 1947 1650; x_wconf 83' lang='lat' dir='ltr'><strong>forte</strong></span> 
     </span>
     <span class='ocr_line' id='line_1_30' title="bbox 326 1670 1948 1711; baseline -0.004 -5"><span class='ocrx_word' id='word_1_365' title='bbox 326 1680 399 1707; x_wconf 80' lang='lat' dir='ltr'><strong>vota</strong></span> <span class='ocrx_word' id='word_1_366' title='bbox 423 1675 485 1706; x_wconf 89' lang='lat' dir='ltr'><strong>iam</strong></span> <span class='ocrx_word' id='word_1_367' title='bbox 510 1674 664 1705; x_wconf 84' lang='lat' dir='ltr'><strong>festinans</strong></span> <span class='ocrx_word' id='word_1_368' title='bbox 689 1672 812 1704; x_wconf 88' lang='lat' dir='ltr'><strong>familia</strong></span> <span class='ocrx_word' id='word_1_369' title='bbox 835 1671 990 1709; x_wconf 71' lang='lat' dir='ltr'><strong>fervebat,</strong></span> <span class='ocrx_word' id='word_1_370' title='bbox 1018 1671 1129 1702; x_wconf 86' lang='lat' dir='ltr'><strong>sedule</strong></span> <span class='ocrx_word' id='word_1_371' title='bbox 1153 1671 1316 1711; x_wconf 86' lang='lat' dir='ltr'><strong>parentela</strong></span> <span class='ocrx_word' id='word_1_372' title='bbox 1341 1671 1539 1702; x_wconf 82' lang='lat' dir='ltr'><strong>excitabatur</strong></span> <span class='ocrx_word' id='word_1_373' title='bbox 1562 1674 1593 1702; x_wconf 88' lang='lat' dir='ltr'><strong>et</strong></span> <span class='ocrx_word' id='word_1_374' title='bbox 1617 1670 1728 1711; x_wconf 80' lang='lat' dir='ltr'><strong>patria,</strong></span> <span class='ocrx_word' id='word_1_375' title='bbox 1756 1673 1858 1701; x_wconf 86' lang='lat' dir='ltr'><strong>mater</strong></span> <span class='ocrx_word' id='word_1_376' title='bbox 1880 1672 1948 1701; x_wconf 87' lang='lat' dir='ltr'><strong>erat</strong></span> 
     </span>
     <span class='ocr_line' id='line_1_31' title="bbox 326 1720 1944 1768; baseline -0.004 -10"><span class='ocrx_word' id='word_1_377' title='bbox 326 1737 418 1768; x_wconf 81' lang='lat' dir='ltr'><strong>prece</strong></span> <span class='ocrx_word' id='word_1_378' title='bbox 450 1735 622 1766; x_wconf 82' lang='lat' dir='ltr'><strong>suspensa,</strong></span> <span class='ocrx_word' id='word_1_379' title='bbox 656 1724 728 1765; x_wconf 85' lang='lat' dir='ltr'><strong>ipsa</strong></span> <span class='ocrx_word' id='word_1_380' title='bbox 759 1723 954 1764; x_wconf 84' lang='lat' dir='ltr'><strong>adsurgebat</strong></span> <span class='ocrx_word' id='word_1_381' title='bbox 984 1732 1059 1754; x_wconf 86' lang='lat' dir='ltr'><strong>cura</strong></span> <span class='ocrx_word' id='word_1_382' title='bbox 1089 1722 1236 1753; x_wconf 85' lang='lat' dir='ltr'><strong>nutricis:</strong></span> <span class='ocrx_word' id='word_1_383' title='bbox 1272 1722 1386 1753; x_wconf 88' lang='lat' dir='ltr'><strong>iuncea</strong></span> <span class='ocrx_word' id='word_1_384' title='bbox 1416 1722 1601 1763; x_wconf 71' lang='lat' dir='ltr'><strong>pubertate,</strong></span> <span class='ocrx_word' id='word_1_385' title='bbox 1636 1730 1727 1752; x_wconf 86' lang='lat' dir='ltr'><strong>rosea</strong></span> <span class='ocrx_word' id='word_1_386' title='bbox 1757 1720 1944 1759; x_wconf 85' lang='lat' dir='ltr'><strong>modestate,</strong></span> 
     </span>
     <span class='ocr_line' id='line_1_32' title="bbox 324 1771 1947 1814; baseline -0.004 -5"><span class='ocrx_word' id='word_1_387' title='bbox 324 1778 440 1809; x_wconf 76' lang='lat' dir='ltr'><strong>festiva</strong></span> <span class='ocrx_word' id='word_1_388' title='bbox 463 1781 529 1808; x_wconf 69' lang='lat' dir='ltr'><strong>uite</strong></span> <span class='ocrx_word' id='word_1_389' title='bbox 553 1776 601 1806; x_wconf 77' lang='lat' dir='ltr'><strong>sui</strong></span> <span class='ocrx_word' id='word_1_390' title='bbox 625 1785 722 1807; x_wconf 85' lang='lat' dir='ltr'><strong>sexus</strong></span> <span class='ocrx_word' id='word_1_391' title='bbox 746 1778 868 1806; x_wconf 85' lang='lat' dir='ltr'><strong>ornata.</strong></span> <span class='ocrx_word' id='word_1_392' title='bbox 965 1776 1024 1814; x_wconf 59' lang='lat'>12¹0]</span> <span class='ocrx_word' id='word_1_393' title='bbox 1053 1773 1118 1805; x_wconf 83' lang='lat' dir='ltr'><strong>Sed</strong></span> <span class='ocrx_word' id='word_1_394' title='bbox 1142 1784 1202 1813; x_wconf 87' lang='lat' dir='ltr'><strong>quo</strong></span> <span class='ocrx_word' id='word_1_395' title='bbox 1226 1783 1275 1805; x_wconf 89' lang='lat' dir='ltr'><strong>me</strong></span> <span class='ocrx_word' id='word_1_396' title='bbox 1299 1773 1381 1814; x_wconf 86' lang='lat' dir='ltr'><strong>rapit</strong></span> <span class='ocrx_word' id='word_1_397' title='bbox 1404 1772 1524 1804; x_wconf 85' lang='lat' dir='ltr'><strong>formae</strong></span> <span class='ocrx_word' id='word_1_398' title='bbox 1549 1772 1643 1804; x_wconf 90' lang='lat' dir='ltr'><strong>decor</strong></span> <span class='ocrx_word' id='word_1_399' title='bbox 1667 1781 1700 1803; x_wconf 91' lang='lat' dir='ltr'><strong>se</strong></span> <span class='ocrx_word' id='word_1_400' title='bbox 1724 1771 1858 1813; x_wconf 87' lang='lat' dir='ltr'><strong>prodere</strong></span> <span class='ocrx_word' id='word_1_401' title='bbox 1881 1774 1947 1802; x_wconf 88' lang='lat' dir='ltr'><strong>tam</strong></span> 
     </span>
     <span class='ocr_line' id='line_1_33' title="bbox 324 1822 1949 1868; baseline -0.004 -9"><span class='ocrx_word' id='word_1_402' title='bbox 324 1829 384 1860; x_wconf 86' lang='lat' dir='ltr'><strong>cito</strong></span> <span class='ocrx_word' id='word_1_403' title='bbox 408 1829 518 1868; x_wconf 77' lang='lat' dir='ltr'><strong>fugax,</strong></span> <span class='ocrx_word' id='word_1_404' title='bbox 545 1837 605 1867; x_wconf 87' lang='lat' dir='ltr'><strong>qno</strong></span> <span class='ocrx_word' id='word_1_405' title='bbox 629 1837 702 1857; x_wconf 86' lang='lat' dir='ltr'><strong>caro</strong></span> <span class='ocrx_word' id='word_1_406' title='bbox 726 1825 876 1857; x_wconf 79' lang='lat' dir='ltr'><strong>mendax.</strong></span> <span class='ocrx_word' id='word_1_407' title='bbox 904 1835 974 1856; x_wconf 82' lang='lat' dir='ltr'><strong>cuni</strong></span> <span class='ocrx_word' id='word_1_408' title='bbox 996 1824 1165 1856; x_wconf 88' lang='lat' dir='ltr'><strong>defunctae</strong></span> <span class='ocrx_word' id='word_1_409' title='bbox 1184 1824 1210 1855; x_wconf 88' lang='lat' dir='ltr'><strong>si</strong></span> <span class='ocrx_word' id='word_1_410' title='bbox 1226 1824 1428 1865; x_wconf 81' lang='lat' dir='ltr'><strong>praedicetur</strong></span> <span class='ocrx_word' id='word_1_411' title='bbox 1443 1823 1557 1864; x_wconf 81' lang='lat' dir='ltr'><strong>gloria,</strong></span> <span class='ocrx_word' id='word_1_412' title='bbox 1583 1822 1772 1854; x_wconf 88' lang='lat' dir='ltr'><strong>adcrescant</strong></span> <span class='ocrx_word' id='word_1_413' title='bbox 1787 1822 1949 1854; x_wconf 69' lang='lat' dir='ltr'><strong>lamenta?</strong></span> 
     </span>
     <span class='ocr_line' id='line_1_34' title="bbox 329 1873 1946 1919; baseline -0.004 -9"><span class='ocrx_word' id='word_1_414' title='bbox 329 1882 373 1919; x_wconf 90' lang='grc'><strong>(11</strong></span> <span class='ocrx_word' id='word_1_415' title='bbox 418 1878 565 1910; x_wconf 81' lang='lat' dir='ltr'><strong>Habuisti</strong></span> <span class='ocrx_word' id='word_1_416' title='bbox 588 1877 684 1918; x_wconf 79' lang='lat' dir='ltr'><strong>igitur</strong></span> <span class='ocrx_word' id='word_1_417' title='bbox 706 1877 793 1908; x_wconf 86' lang='lat' dir='ltr'><strong>istud</strong></span> <span class='ocrx_word' id='word_1_418' title='bbox 815 1880 915 1918; x_wconf 88' lang='lat' dir='ltr'><strong>pater.</strong></span> <span class='ocrx_word' id='word_1_419' title='bbox 944 1876 1001 1908; x_wconf 88' lang='lat' dir='ltr'><strong>sed</strong></span> <span class='ocrx_word' id='word_1_420' title='bbox 1025 1886 1087 1907; x_wconf 90' lang='lat' dir='ltr'><strong>non</strong></span> <span class='ocrx_word' id='word_1_421' title='bbox 1112 1879 1216 1907; x_wconf 86' lang='lat' dir='ltr'><strong>tuum:</strong></span> <span class='ocrx_word' id='word_1_422' title='bbox 1244 1875 1414 1907; x_wconf 86' lang='lat' dir='ltr'><strong>reddidisti</strong></span> <span class='ocrx_word' id='word_1_423' title='bbox 1436 1875 1542 1916; x_wconf 88' lang='lat' dir='ltr'><strong>potius</strong></span> <span class='ocrx_word' id='word_1_424' title='bbox 1566 1873 1832 1905; x_wconf 84' lang='lat' dir='ltr'><strong>commendatum.</strong></span> <span class='ocrx_word' id='word_1_425' title='bbox 1876 1873 1946 1914; x_wconf 91' lang='lat' dir='ltr'><strong>plo-</strong></span> 
     </span>
    </p>
   </div>
   <div class='ocr_carea' id='block_1_7' title="bbox 323 2001 1948 2761">
    <p class='ocr_par' dir='ltr' id='par_1_7' title="bbox 323 2001 1948 2761">
     <span class='ocr_line' id='line_1_35' title="bbox 394 2001 1948 2040; baseline -0.003 -10"><span class='ocrx_word' id='word_1_426' title='bbox 394 2008 402 2031; x_wconf 91' lang='grc'><strong>1</strong></span> <span class='ocrx_word' id='word_1_427' title='bbox 425 2006 498 2040; x_wconf 83' lang='lat' dir='ltr'><strong>quin]</strong></span> <span class='ocrx_word' id='word_1_428' title='bbox 517 2009 542 2030; x_wconf 90' lang='lat' dir='ltr'><strong>in</strong></span> <span class='ocrx_word' id='word_1_429' title='bbox 561 2006 632 2029; x_wconf 75' lang='lat' dir='ltr'><strong>codd.</strong></span> <span class='ocrx_word' id='word_1_430' title='bbox 752 2004 786 2027; x_wconf 70' lang='lat' dir='ltr'><strong>G*Z</strong></span> <span class='ocrx_word' id='word_1_431' title='bbox 804 2007 829 2028; x_wconf 84' lang='lat' dir='ltr'><strong>in</strong></span> <span class='ocrx_word' id='word_1_432' title='bbox 847 2013 942 2034; x_wconf 70' lang='grc' dir='ltr'><em>πται-μ..-</em></span> <span class='ocrx_word' id='word_1_433' title='bbox 962 2006 995 2028; x_wconf 80' lang='lat' dir='ltr'><strong>al.</strong></span> <span class='ocrx_word' id='word_1_434' title='bbox 1017 2006 1041 2028; x_wconf 89' lang='lat' dir='ltr'><strong>in</strong></span> <span class='ocrx_word' id='word_1_435' title='bbox 1062 2005 1160 2034; x_wconf 78' lang='lat' dir='ltr'><strong>stipite.</strong></span> <span class='ocrx_word' id='word_1_436' title='bbox 1187 2009 1209 2027; x_wconf 87' lang='lat' dir='ltr'><strong>et</strong></span> <span class='ocrx_word' id='word_1_437' title='bbox 1231 2008 1313 2027; x_wconf 80' lang='lat' dir='ltr'><strong>tamen</strong></span> <span class='ocrx_word' id='word_1_438' title='bbox 1332 2005 1360 2027; x_wconf 90' lang='lat' dir='ltr'><strong>in</strong></span> <span class='ocrx_word' id='word_1_439' title='bbox 1379 2004 1457 2034; x_wconf 86' lang='lat' dir='ltr'><strong>stirpe</strong></span> <span class='ocrx_word' id='word_1_440' title='bbox 1574 2003 1633 2026; x_wconf 77' lang='lat' dir='ltr'><strong>haec</strong></span> <span class='ocrx_word' id='word_1_441' title='bbox 1649 2004 1669 2025; x_wconf 90' lang='lat' dir='ltr'><strong><em>A</em></strong></span> <span class='ocrx_word' id='word_1_442' title='bbox 1787 2002 1886 2025; x_wconf 84' lang='lat' dir='ltr'><strong>heredis</strong></span> <span class='ocrx_word' id='word_1_443' title='bbox 1904 2001 1948 2025; x_wconf 87' lang='lat' dir='ltr'><strong>BL</strong></span> 
     </span>
     <span class='ocr_line' id='line_1_36' title="bbox 324 2044 1945 2079; baseline -0.004 -5"><span class='ocrx_word' id='word_1_444' title='bbox 324 2051 337 2074; x_wconf 85' lang='lat'>2</span> <span class='ocrx_word' id='word_1_445' title='bbox 359 2052 461 2074; x_wconf 79' lang='lat' dir='ltr'><strong>incentis</strong></span> <span class='ocrx_word' id='word_1_446' title='bbox 476 2051 503 2076; x_wconf 72' lang='lat' dir='ltr'><strong>Ix’v</strong></span> <span class='ocrx_word' id='word_1_447' title='bbox 526 2051 636 2073; x_wconf 81' lang='lat' dir='ltr'><strong>iacenter</strong></span> <span class='ocrx_word' id='word_1_448' title='bbox 651 2050 680 2078; x_wconf 77' lang='lat' dir='ltr'><strong>A,</strong></span> <span class='ocrx_word' id='word_1_449' title='bbox 703 2049 860 2072; x_wconf 80' lang='lat' dir='ltr'><strong>subiacentes</strong></span> <span class='ocrx_word' id='word_1_450' title='bbox 875 2048 1002 2071; x_wconf 70' lang='lat' dir='ltr'><strong>Browerus</strong></span> <span class='ocrx_word' id='word_1_451' title='bbox 1102 2048 1247 2077; x_wconf 79' lang='lat' dir='ltr'><strong>adquaesita</strong></span> <span class='ocrx_word' id='word_1_452' title='bbox 1261 2045 1355 2079; x_wconf 84' lang='lat' dir='ltr'><strong>ACGl]</strong></span> <span class='ocrx_word' id='word_1_453' title='bbox 1374 2047 1503 2076; x_wconf 75' lang='lat' dir='ltr'><strong>adquesita</strong></span> <span class='ocrx_word' id='word_1_454' title='bbox 1517 2045 1552 2074; x_wconf 76' lang='lat' dir='ltr'><strong>M,</strong></span> <span class='ocrx_word' id='word_1_455' title='bbox 1575 2046 1712 2075; x_wconf 73' lang='lat' dir='ltr'><strong>atquaesita</strong></span> <span class='ocrx_word' id='word_1_456' title='bbox 1726 2045 1756 2070; x_wconf 81' lang='lat' dir='ltr'><strong>R.</strong></span> <span class='ocrx_word' id='word_1_457' title='bbox 1777 2045 1901 2075; x_wconf 71' lang='lat' dir='ltr'><strong>atquesita</strong></span> <span class='ocrx_word' id='word_1_458' title='bbox 1914 2044 1945 2067; x_wconf 86' lang='lat' dir='ltr'><strong>D.</strong></span> 
     </span>
     <span class='ocr_line' id='line_1_37' title="bbox 323 2086 1944 2123; baseline -0.004 -7"><span class='ocrx_word' id='word_1_459' title='bbox 323 2094 448 2123; x_wconf 68' lang='lat' dir='ltr'><strong>adquisita</strong></span> <span class='ocrx_word' id='word_1_460' title='bbox 468 2092 546 2115; x_wconf 72' lang='lat' dir='ltr'><strong>BLG²</strong></span> <span class='ocrx_word' id='word_1_461' title='bbox 668 2093 682 2115; x_wconf 81' lang='grc'>3</span> <span class='ocrx_word' id='word_1_462' title='bbox 702 2090 760 2123; x_wconf 90' lang='lat' dir='ltr'><strong>quo]</strong></span> <span class='ocrx_word' id='word_1_463' title='bbox 779 2091 843 2121; x_wconf 88' lang='lat' dir='ltr'><strong>quod</strong></span> <span class='ocrx_word' id='word_1_464' title='bbox 863 2090 883 2112; x_wconf 86' lang='lat' dir='ltr'><em>G</em></span> <span class='ocrx_word' id='word_1_465' title='bbox 998 2090 1012 2113; x_wconf 74' lang='lat'>4</span> <span class='ocrx_word' id='word_1_466' title='bbox 1033 2091 1103 2120; x_wconf 88' lang='lat' dir='ltr'><strong>epuli</strong></span> <span class='ocrx_word' id='word_1_467' title='bbox 1121 2091 1203 2120; x_wconf 85' lang='lat' dir='ltr'><strong>specie</strong></span> <span class='ocrx_word' id='word_1_468' title='bbox 1224 2087 1254 2121; x_wconf 82' lang='lat' dir='ltr'><strong>F]</strong></span> <span class='ocrx_word' id='word_1_469' title='bbox 1274 2090 1354 2119; x_wconf 86' lang='lat' dir='ltr'><strong>epulis</strong></span> <span class='ocrx_word' id='word_1_470' title='bbox 1374 2090 1455 2119; x_wconf 87' lang='lat' dir='ltr'><strong>specie</strong></span> <span class='ocrx_word' id='word_1_471' title='bbox 1475 2089 1552 2119; x_wconf 76' lang='lat' dir='ltr'><strong>ALR,</strong></span> <span class='ocrx_word' id='word_1_472' title='bbox 1574 2089 1658 2118; x_wconf 82' lang='lat' dir='ltr'><strong>epulis</strong></span> <span class='ocrx_word' id='word_1_473' title='bbox 1677 2089 1784 2118; x_wconf 83' lang='lat' dir='ltr'><strong>speciem</strong></span> <span class='ocrx_word' id='word_1_474' title='bbox 1807 2086 1944 2119; x_wconf 62' lang='lat' dir='ltr'><strong><em>CMDGOE,</em></strong></span> 
     </span>
     <span class='ocr_line' id='line_1_38' title="bbox 323 2128 1948 2166; baseline -0.004 -7"><span class='ocrx_word' id='word_1_475' title='bbox 323 2137 452 2166; x_wconf 81' lang='lat' dir='ltr'><strong>epularum</strong></span> <span class='ocrx_word' id='word_1_476' title='bbox 473 2136 553 2165; x_wconf 72' lang='lat' dir='ltr'><strong>specie</strong></span> <span class='ocrx_word' id='word_1_477' title='bbox 573 2134 607 2155; x_wconf 73' lang='lat' dir='ltr'><strong>(i‘l</strong></span> <span class='ocrx_word' id='word_1_478' title='bbox 712 2132 787 2165; x_wconf 78' lang='lat' dir='ltr'><strong>mors]</strong></span> <span class='ocrx_word' id='word_1_479' title='bbox 807 2141 913 2157; x_wconf 50' lang='lat' dir='ltr'><strong>moun</strong></span> <span class='ocrx_word' id='word_1_480' title='bbox 934 2133 966 2156; x_wconf 77' lang='lat' dir='ltr'><strong>Al</strong></span> <span class='ocrx_word' id='word_1_481' title='bbox 1085 2132 1100 2156; x_wconf 85' lang='grc'>6</span> <span class='ocrx_word' id='word_1_482' title='bbox 1120 2134 1210 2163; x_wconf 87' lang='lat' dir='ltr'><strong>prolem</strong></span> <span class='ocrx_word' id='word_1_483' title='bbox 1231 2130 1319 2164; x_wconf 82' lang='lat' dir='ltr'><em>DGF]</em></span> <span class='ocrx_word' id='word_1_484' title='bbox 1338 2132 1405 2161; x_wconf 86' lang='lat' dir='ltr'><strong>prole</strong></span> <span class='ocrx_word' id='word_1_485' title='bbox 1424 2132 1477 2155; x_wconf 83' lang='lat' dir='ltr'><strong>rell.</strong></span> <span class='ocrx_word' id='word_1_486' title='bbox 1583 2131 1705 2154; x_wconf 81' lang='lat' dir='ltr'><strong>trausudit</strong></span> <span class='ocrx_word' id='word_1_487' title='bbox 1726 2130 1751 2153; x_wconf 47' lang='lat' dir='ltr'><strong>ll!</strong></span> <span class='ocrx_word' id='word_1_488' title='bbox 1854 2128 1948 2163; x_wconf 89' lang='lat' dir='ltr'><strong>riuum]</strong></span> 
     </span>
     <span class='ocr_line' id='line_1_39' title="bbox 326 2173 1912 2206; baseline -0.003 -5"><span class='ocrx_word' id='word_1_489' title='bbox 326 2180 377 2201; x_wconf 83' lang='lat' dir='ltr'><strong>riun</strong></span> <span class='ocrx_word' id='word_1_490' title='bbox 396 2178 466 2202; x_wconf 72' lang='lat' dir='ltr'><strong>codd.</strong></span> <span class='ocrx_word' id='word_1_491' title='bbox 593 2177 604 2199; x_wconf 77' lang='lat'><strong>7</strong></span> <span class='ocrx_word' id='word_1_492' title='bbox 626 2178 702 2206; x_wconf 79' lang='lat' dir='ltr'><strong>igitur</strong></span> <span class='ocrx_word' id='word_1_493' title='bbox 719 2177 764 2200; x_wconf 83' lang='lat' dir='ltr'><strong>boc</strong></span> <span class='ocrx_word' id='word_1_494' title='bbox 784 2177 816 2199; x_wconf 77' lang='lat' dir='ltr'><strong>Al</strong></span> <span class='ocrx_word' id='word_1_495' title='bbox 939 2183 1003 2199; x_wconf 78' lang='lat' dir='ltr'><strong>euna</strong></span> <span class='ocrx_word' id='word_1_496' title='bbox 1023 2176 1099 2198; x_wconf 77' lang='grc' dir='ltr'><strong>ΑΜΒ</strong></span> <span class='ocrx_word' id='word_1_497' title='bbox 1222 2175 1236 2197; x_wconf 62' lang='grc' dir='ltr'><strong>δ’</strong></span> <span class='ocrx_word' id='word_1_498' title='bbox 1256 2175 1372 2198; x_wconf 81' lang='lat' dir='ltr'><strong>monader</strong></span> <span class='ocrx_word' id='word_1_499' title='bbox 1391 2175 1411 2197; x_wconf 98' lang='lat' dir='ltr'><strong><em>A</em></strong></span> <span class='ocrx_word' id='word_1_500' title='bbox 1534 2175 1585 2197; x_wconf 79' lang='lat' dir='ltr'><strong>sola</strong></span> <span class='ocrx_word' id='word_1_501' title='bbox 1603 2187 1636 2190; x_wconf 97' lang='lat'><strong>—</strong></span> <span class='ocrx_word' id='word_1_502' title='bbox 1655 2174 1795 2196; x_wconf 80' lang='lat' dir='ltr'><strong>destrueret</strong></span> <span class='ocrx_word' id='word_1_503' title='bbox 1813 2180 1861 2197; x_wconf 73' lang='lat' dir='ltr'><strong>om,</strong></span> <span class='ocrx_word' id='word_1_504' title='bbox 1885 2173 1912 2196; x_wconf 76' lang='lat'><strong>0¹</strong></span> 
     </span>
     <span class='ocr_line' id='line_1_40' title="bbox 324 2214 1946 2250; baseline -0.002 -7"><span class='ocrx_word' id='word_1_505' title='bbox 324 2222 437 2243; x_wconf 78' lang='lat' dir='ltr'><strong>extruxit</strong></span> <span class='ocrx_word' id='word_1_506' title='bbox 457 2221 589 2243; x_wconf 60' lang='lat' dir='ltr'><strong>browerus.</strong></span> <span class='ocrx_word' id='word_1_507' title='bbox 613 2220 688 2243; x_wconf 82' lang='lat' dir='ltr'><strong>struit</strong></span> <span class='ocrx_word' id='word_1_508' title='bbox 709 2219 872 2242; x_wconf 77' lang='lat' dir='ltr'><strong>Mommsenus</strong></span> <span class='ocrx_word' id='word_1_509' title='bbox 987 2219 1125 2242; x_wconf 81' lang='lat' dir='ltr'><strong>destrueret</strong></span> <span class='ocrx_word' id='word_1_510' title='bbox 1148 2217 1224 2250; x_wconf 80' lang='lat' dir='ltr'><em>GLF]</em></span> <span class='ocrx_word' id='word_1_511' title='bbox 1243 2219 1377 2241; x_wconf 82' lang='lat' dir='ltr'><strong>distrueret</strong></span> <span class='ocrx_word' id='word_1_512' title='bbox 1396 2217 1449 2241; x_wconf 82' lang='lat' dir='ltr'><strong>rell.</strong></span> <span class='ocrx_word' id='word_1_513' title='bbox 1565 2223 1622 2240; x_wconf 88' lang='lat' dir='ltr'><strong>cnm</strong></span> <span class='ocrx_word' id='word_1_514' title='bbox 1641 2214 1763 2248; x_wconf 64' lang='lat' dir='ltr'><strong>ueterani]</strong></span> <span class='ocrx_word' id='word_1_515' title='bbox 1781 2223 1855 2245; x_wconf 88' lang='lat' dir='ltr'><strong>quem</strong></span> <span class='ocrx_word' id='word_1_516' title='bbox 1874 2219 1946 2239; x_wconf 84' lang='lat' dir='ltr'><strong>uete-</strong></span> 
     </span>
     <span class='ocr_line' id='line_1_41' title="bbox 324 2257 1913 2292; baseline -0.004 -6"><span class='ocrx_word' id='word_1_517' title='bbox 324 2268 374 2286; x_wconf 75' lang='lat' dir='ltr'><strong>rata</strong></span> <span class='ocrx_word' id='word_1_518' title='bbox 396 2262 568 2290; x_wconf 69' lang='lat' dir='ltr'><strong>ACMDGRF,</strong></span> <span class='ocrx_word' id='word_1_519' title='bbox 589 2269 652 2292; x_wconf 80' lang='lat' dir='ltr'><strong>quae</strong></span> <span class='ocrx_word' id='word_1_520' title='bbox 673 2263 812 2285; x_wconf 81' lang='lat' dir='ltr'><strong>inueterata</strong></span> <span class='ocrx_word' id='word_1_521' title='bbox 833 2262 874 2284; x_wconf 81' lang='lat' dir='ltr'><strong>BL</strong></span> <span class='ocrx_word' id='word_1_522' title='bbox 1006 2262 1020 2284; x_wconf 81' lang='grc'><strong>9</strong></span> <span class='ocrx_word' id='word_1_523' title='bbox 1041 2261 1172 2291; x_wconf 81' lang='lat' dir='ltr'><strong>decipulae</strong></span> <span class='ocrx_word' id='word_1_524' title='bbox 1191 2274 1224 2278; x_wconf 89' lang='lat'><strong>—</strong></span> <span class='ocrx_word' id='word_1_525' title='bbox 1243 2264 1267 2283; x_wconf 89' lang='lat' dir='ltr'><strong>et</strong></span> <span class='ocrx_word' id='word_1_526' title='bbox 1287 2267 1335 2283; x_wconf 86' lang='lat' dir='ltr'><strong>om.</strong></span> <span class='ocrx_word' id='word_1_527' title='bbox 1359 2260 1377 2282; x_wconf 89' lang='lat' dir='ltr'><em>C</em></span> <span class='ocrx_word' id='word_1_528' title='bbox 1498 2260 1539 2289; x_wconf 87' lang='lat' dir='ltr'><strong>qui</strong></span> <span class='ocrx_word' id='word_1_529' title='bbox 1562 2258 1582 2281; x_wconf 88' lang='lat' dir='ltr'><em>C</em></span> <span class='ocrx_word' id='word_1_530' title='bbox 1715 2258 1742 2281; x_wconf 87' lang='lat'><strong>10</strong></span> <span class='ocrx_word' id='word_1_531' title='bbox 1763 2259 1803 2281; x_wconf 82' lang='lat' dir='ltr'><strong>uel</strong></span> <span class='ocrx_word' id='word_1_532' title='bbox 1823 2265 1871 2281; x_wconf 86' lang='lat' dir='ltr'><strong>om.</strong></span> <span class='ocrx_word' id='word_1_533' title='bbox 1892 2257 1913 2281; x_wconf 87' lang='lat' dir='ltr'><em>L</em></span> 
     </span>
     <span class='ocr_line' id='line_1_42' title="bbox 324 2300 1946 2338; baseline -0.002 -10"><span class='ocrx_word' id='word_1_534' title='bbox 324 2305 362 2338; x_wconf 83' lang='lat' dir='ltr'><strong>ut]</strong></span> <span class='ocrx_word' id='word_1_535' title='bbox 383 2307 407 2329; x_wconf 86' lang='lat' dir='ltr'><strong>in</strong></span> <span class='ocrx_word' id='word_1_536' title='bbox 424 2306 450 2332; x_wconf 73' lang='lat' dir='ltr'><strong>F,</strong></span> <span class='ocrx_word' id='word_1_537' title='bbox 472 2313 520 2328; x_wconf 74' lang='lat' dir='ltr'><strong>mn.</strong></span> <span class='ocrx_word' id='word_1_538' title='bbox 538 2305 555 2327; x_wconf 83' lang='lat' dir='ltr'><em>L</em></span> <span class='ocrx_word' id='word_1_539' title='bbox 664 2305 690 2327; x_wconf 94' lang='grc'><strong>11</strong></span> <span class='ocrx_word' id='word_1_540' title='bbox 714 2303 850 2335; x_wconf 75' lang='lat' dir='ltr'><strong>suffecerit]</strong></span> <span class='ocrx_word' id='word_1_541' title='bbox 871 2305 991 2327; x_wconf 56' lang='lat' dir='ltr'><strong>sufficerit</strong></span> <span class='ocrx_word' id='word_1_542' title='bbox 1007 2303 1154 2329; x_wconf 74' lang='lat' dir='ltr'><strong><em>ACDGRF,</em></strong></span> <span class='ocrx_word' id='word_1_543' title='bbox 1177 2304 1286 2326; x_wconf 87' lang='lat' dir='ltr'><strong>sulicerit</strong></span> <span class='ocrx_word' id='word_1_544' title='bbox 1301 2301 1351 2329; x_wconf 68' lang='lat' dir='ltr'><strong>M&#39;l,</strong></span> <span class='ocrx_word' id='word_1_545' title='bbox 1373 2303 1499 2325; x_wconf 74' lang='lat' dir='ltr'><strong>sufficeret</strong></span> <span class='ocrx_word' id='word_1_546' title='bbox 1512 2302 1563 2326; x_wconf 85' lang='lat' dir='ltr'><strong>BL.</strong></span> <span class='ocrx_word' id='word_1_547' title='bbox 1587 2302 1679 2325; x_wconf 69' lang='lat' dir='ltr'><strong>aucei-it</strong></span> <span class='ocrx_word' id='word_1_548' title='bbox 1700 2300 1735 2323; x_wconf 81' lang='lat' dir='ltr'><strong>M¹</strong></span> <span class='ocrx_word' id='word_1_549' title='bbox 1844 2300 1871 2324; x_wconf 85' lang='grc'><strong>12</strong></span> <span class='ocrx_word' id='word_1_550' title='bbox 1891 2308 1946 2330; x_wconf 76' lang='lat' dir='ltr'><strong>gra-</strong></span> 
     </span>
     <span class='ocr_line' id='line_1_43' title="bbox 323 2341 1948 2377; baseline -0.003 -6"><span class='ocrx_word' id='word_1_551' title='bbox 323 2353 360 2372; x_wconf 72' lang='lat' dir='ltr'><strong>tes</strong></span> <span class='ocrx_word' id='word_1_552' title='bbox 381 2349 459 2371; x_wconf 65' lang='lat' dir='ltr'><strong>Imm</strong></span> <span class='ocrx_word' id='word_1_553' title='bbox 584 2348 612 2371; x_wconf 72' lang='grc'><strong>151</strong></span> <span class='ocrx_word' id='word_1_554' title='bbox 633 2349 725 2377; x_wconf 76' lang='lat' dir='ltr'><strong>apertio</strong></span> <span class='ocrx_word' id='word_1_555' title='bbox 744 2349 852 2370; x_wconf 79' lang='lat' dir='ltr'><strong>mittitur</strong></span> <span class='ocrx_word' id='word_1_556' title='bbox 873 2347 904 2377; x_wconf 77' lang='lat' dir='ltr'><strong>D,</strong></span> <span class='ocrx_word' id='word_1_557' title='bbox 926 2347 992 2377; x_wconf 86' lang='lat' dir='ltr'><strong>optio</strong></span> <span class='ocrx_word' id='word_1_558' title='bbox 1012 2347 1164 2376; x_wconf 83' lang='lat' dir='ltr'><strong>promittitur</strong></span> <span class='ocrx_word' id='word_1_559' title='bbox 1184 2346 1203 2369; x_wconf 87' lang='lat' dir='ltr'><em>L</em></span> <span class='ocrx_word' id='word_1_560' title='bbox 1322 2345 1351 2368; x_wconf 81' lang='lat'><strong>15</strong></span> <span class='ocrx_word' id='word_1_561' title='bbox 1371 2346 1510 2376; x_wconf 76' lang='lat' dir='ltr'><strong>captiuatas</strong></span> <span class='ocrx_word' id='word_1_562' title='bbox 1531 2344 1611 2367; x_wconf 78' lang='lat' dir='ltr'><em>G¹RF</em></span> <span class='ocrx_word' id='word_1_563' title='bbox 1723 2344 1846 2374; x_wconf 83' lang='lat' dir='ltr'><strong>prosperis</strong></span> <span class='ocrx_word' id='word_1_564' title='bbox 1865 2341 1948 2375; x_wconf 78' lang='grc' dir='ltr'><strong>ΛΟΜ]</strong></span> 
     </span>
     <span class='ocr_line' id='line_1_44' title="bbox 325 2386 1916 2421; baseline -0.003 -8"><span class='ocrx_word' id='word_1_565' title='bbox 325 2398 451 2421; x_wconf 72' lang='lat' dir='ltr'><strong>prosperos</strong></span> <span class='ocrx_word' id='word_1_566' title='bbox 465 2390 494 2416; x_wconf 78' lang='grc' dir='ltr'><strong>(ι’,</strong></span> <span class='ocrx_word' id='word_1_567' title='bbox 517 2391 627 2420; x_wconf 80' lang='lat' dir='ltr'><strong>properis</strong></span> <span class='ocrx_word' id='word_1_568' title='bbox 642 2390 691 2412; x_wconf 65' lang='lat'><em>1³1³.</em></span> <span class='ocrx_word' id='word_1_569' title='bbox 714 2397 828 2420; x_wconf 78' lang='lat' dir='ltr'><strong>properes</strong></span> <span class='ocrx_word' id='word_1_570' title='bbox 847 2389 876 2417; x_wconf 76' lang='grc' dir='ltr'><strong>Ι),</strong></span> <span class='ocrx_word' id='word_1_571' title='bbox 899 2396 942 2419; x_wconf 91' lang='lat' dir='ltr'><strong>pro</strong></span> <span class='ocrx_word' id='word_1_572' title='bbox 961 2390 1047 2418; x_wconf 81' lang='lat' dir='ltr'><strong>poenis</strong></span> <span class='ocrx_word' id='word_1_573' title='bbox 1068 2389 1119 2416; x_wconf 75' lang='lat' dir='ltr'><strong>BL,</strong></span> <span class='ocrx_word' id='word_1_574' title='bbox 1142 2388 1201 2417; x_wconf 82' lang='lat' dir='ltr'><strong>fort.</strong></span> <span class='ocrx_word' id='word_1_575' title='bbox 1222 2396 1265 2418; x_wconf 90' lang='lat' dir='ltr'><strong>pro</strong></span> <span class='ocrx_word' id='word_1_576' title='bbox 1284 2389 1409 2418; x_wconf 75' lang='lat' dir='ltr'><strong>prosperis</strong></span> <span class='ocrx_word' id='word_1_577' title='bbox 1517 2387 1546 2410; x_wconf 87' lang='grc'><strong>16</strong></span> <span class='ocrx_word' id='word_1_578' title='bbox 1565 2387 1686 2410; x_wconf 75' lang='lat' dir='ltr'><strong>aduersus</strong></span> <span class='ocrx_word' id='word_1_579' title='bbox 1708 2386 1737 2414; x_wconf 78' lang='lat' dir='ltr'><strong>G,</strong></span> <span class='ocrx_word' id='word_1_580' title='bbox 1758 2386 1875 2410; x_wconf 73' lang='lat' dir='ltr'><strong>aduersos</strong></span> <span class='ocrx_word' id='word_1_581' title='bbox 1894 2387 1916 2409; x_wconf 87' lang='lat' dir='ltr'><em>F</em></span> 
     </span>
     <span class='ocr_line' id='line_1_45' title="bbox 324 2427 1945 2465; baseline -0.002 -10"><span class='ocrx_word' id='word_1_582' title='bbox 324 2432 411 2465; x_wconf 79' lang='lat' dir='ltr'><strong>quam]</strong></span> <span class='ocrx_word' id='word_1_583' title='bbox 424 2441 472 2463; x_wconf 79' lang='lat' dir='ltr'><strong>qua</strong></span> <span class='ocrx_word' id='word_1_584' title='bbox 486 2433 528 2458; x_wconf 72' lang='grc' dir='ltr'><strong>(Η,</strong></span> <span class='ocrx_word' id='word_1_585' title='bbox 543 2437 664 2462; x_wconf 76' lang='lat' dir='ltr'><strong>quantum</strong></span> <span class='ocrx_word' id='word_1_586' title='bbox 682 2432 714 2455; x_wconf 73' lang='lat' dir='ltr'><strong>G&#39;2</strong></span> <span class='ocrx_word' id='word_1_587' title='bbox 821 2432 850 2455; x_wconf 68' lang='lat'><strong>13</strong></span> <span class='ocrx_word' id='word_1_588' title='bbox 870 2433 950 2455; x_wconf 69' lang='lat' dir='ltr'><strong>exiliit</strong></span> <span class='ocrx_word' id='word_1_589' title='bbox 966 2432 1009 2454; x_wconf 76' lang='lat' dir='ltr'><strong>DL</strong></span> <span class='ocrx_word' id='word_1_590' title='bbox 1098 2432 1174 2455; x_wconf 82' lang='lat' dir='ltr'><strong>enoch</strong></span> <span class='ocrx_word' id='word_1_591' title='bbox 1190 2429 1269 2463; x_wconf 84' lang='lat' dir='ltr'><strong>AGL]</strong></span> <span class='ocrx_word' id='word_1_592' title='bbox 1283 2431 1360 2454; x_wconf 86' lang='lat' dir='ltr'><strong>enohc</strong></span> <span class='ocrx_word' id='word_1_593' title='bbox 1376 2430 1401 2456; x_wconf 70' lang='lat' dir='ltr'><strong>C,</strong></span> <span class='ocrx_word' id='word_1_594' title='bbox 1419 2436 1478 2452; x_wconf 84' lang='lat' dir='ltr'><strong>enoc</strong></span> <span class='ocrx_word' id='word_1_595' title='bbox 1492 2429 1590 2452; x_wconf 73' lang='lat' dir='ltr'><em>MDBR</em></span> <span class='ocrx_word' id='word_1_596' title='bbox 1677 2429 1765 2458; x_wconf 77' lang='lat' dir='ltr'><strong>effugit</strong></span> <span class='ocrx_word' id='word_1_597' title='bbox 1779 2428 1811 2451; x_wconf 70' lang='lat' dir='ltr'><strong>Al</strong></span> <span class='ocrx_word' id='word_1_598' title='bbox 1824 2435 1887 2452; x_wconf 80' lang='lat' dir='ltr'><strong>corr.</strong></span> <span class='ocrx_word' id='word_1_599' title='bbox 1903 2427 1945 2457; x_wconf 68' lang='grc' dir='ltr'><strong>Αἱ,</strong></span> 
     </span>
     <span class='ocr_line' id='line_1_46' title="bbox 323 2469 1947 2506; baseline -0.002 -9"><span class='ocrx_word' id='word_1_600' title='bbox 323 2477 419 2503; x_wconf 77' lang='lat' dir='ltr'><strong>el&#39;ngiet</strong></span> <span class='ocrx_word' id='word_1_601' title='bbox 439 2476 459 2498; x_wconf 80' lang='lat' dir='ltr'><em>R</em></span> <span class='ocrx_word' id='word_1_602' title='bbox 483 2476 524 2503; x_wconf 67' lang='lat' dir='ltr'><strong>{es.</strong></span> <span class='ocrx_word' id='word_1_603' title='bbox 546 2476 590 2504; x_wconf 70' lang='lat' dir='ltr'><strong>IX,</strong></span> <span class='ocrx_word' id='word_1_604' title='bbox 612 2476 635 2501; x_wconf 68' lang='grc'><strong>2.),</strong></span> <span class='ocrx_word' id='word_1_605' title='bbox 657 2477 690 2499; x_wconf 78' lang='grc'><strong>39</strong></span> <span class='ocrx_word' id='word_1_606' title='bbox 819 2476 941 2497; x_wconf 70' lang='lat' dir='ltr'><strong>subtraxit</strong></span> <span class='ocrx_word' id='word_1_607' title='bbox 962 2472 1018 2506; x_wconf 83' lang='lat' dir='ltr'><strong>AL]</strong></span> <span class='ocrx_word' id='word_1_608' title='bbox 1037 2474 1161 2497; x_wconf 75' lang='lat' dir='ltr'><strong>subtrahit</strong></span> <span class='ocrx_word' id='word_1_609' title='bbox 1179 2475 1232 2497; x_wconf 78' lang='lat' dir='ltr'><strong>rell.</strong></span> <span class='ocrx_word' id='word_1_610' title='bbox 1354 2472 1383 2496; x_wconf 79' lang='lat'><strong>19</strong></span> <span class='ocrx_word' id='word_1_611' title='bbox 1403 2473 1485 2495; x_wconf 83' lang='lat' dir='ltr'><strong>renuit</strong></span> <span class='ocrx_word' id='word_1_612' title='bbox 1506 2472 1534 2499; x_wconf 76' lang='lat' dir='ltr'><strong>L,</strong></span> <span class='ocrx_word' id='word_1_613' title='bbox 1556 2472 1681 2494; x_wconf 54' lang='lat' dir='ltr'><strong>uzu-*uit</strong></span> <span class='ocrx_word' id='word_1_614' title='bbox 1700 2470 1732 2494; x_wconf 78' lang='lat' dir='ltr'><strong>Al</strong></span> <span class='ocrx_word' id='word_1_615' title='bbox 1846 2469 1947 2503; x_wconf 57' lang='lat' dir='ltr'><strong>suen-tit]</strong></span> 
     </span>
     <span class='ocr_line' id='line_1_47' title="bbox 325 2512 1944 2548; baseline -0.002 -8"><span class='ocrx_word' id='word_1_616' title='bbox 325 2519 438 2540; x_wconf 57' lang='lat' dir='ltr'><strong>sun-tit</strong></span> <span class='ocrx_word' id='word_1_617' title='bbox 459 2518 490 2540; x_wconf 72' lang='grc' dir='ltr'><strong>ΑΙ</strong></span> <span class='ocrx_word' id='word_1_618' title='bbox 622 2518 653 2541; x_wconf 83' lang='lat'><strong>20</strong></span> <span class='ocrx_word' id='word_1_619' title='bbox 673 2518 808 2548; x_wconf 75' lang='lat' dir='ltr'><strong>prophetae</strong></span> <span class='ocrx_word' id='word_1_620' title='bbox 832 2517 850 2539; x_wconf 82' lang='lat' dir='ltr'><em>C</em></span> <span class='ocrx_word' id='word_1_621' title='bbox 970 2518 1106 2540; x_wconf 80' lang='lat' dir='ltr'><strong>subcubuit</strong></span> <span class='ocrx_word' id='word_1_622' title='bbox 1125 2517 1154 2545; x_wconf 78' lang='lat' dir='ltr'><strong>B,</strong></span> <span class='ocrx_word' id='word_1_623' title='bbox 1175 2517 1315 2539; x_wconf 84' lang='lat' dir='ltr'><strong>succumbit</strong></span> <span class='ocrx_word' id='word_1_624' title='bbox 1334 2515 1406 2538; x_wconf 75' lang='grc' dir='ltr'><strong>ΛΟΜ</strong></span> <span class='ocrx_word' id='word_1_625' title='bbox 1539 2514 1567 2538; x_wconf 87' lang='grc'><strong>21</strong></span> <span class='ocrx_word' id='word_1_626' title='bbox 1590 2512 1661 2546; x_wconf 87' lang='lat' dir='ltr'><strong>quid]</strong></span> <span class='ocrx_word' id='word_1_627' title='bbox 1680 2514 1723 2544; x_wconf 91' lang='lat' dir='ltr'><strong>qui</strong></span> <span class='ocrx_word' id='word_1_628' title='bbox 1745 2512 1774 2536; x_wconf 87' lang='lat' dir='ltr'><strong>C¹</strong></span> <span class='ocrx_word' id='word_1_629' title='bbox 1798 2516 1866 2541; x_wconf 81' lang='lat' dir='ltr'><strong>[corr.</strong></span> <span class='ocrx_word' id='word_1_630' title='bbox 1889 2513 1944 2541; x_wconf 57' lang='grc' dir='ltr'><strong>(ΠΨ,</strong></span> 
     </span>
     <span class='ocr_line' id='line_1_48' title="bbox 325 2556 1909 2592; baseline -0.003 -9"><span class='ocrx_word' id='word_1_631' title='bbox 325 2561 355 2583; x_wconf 76' lang='lat'><strong>22</strong></span> <span class='ocrx_word' id='word_1_632' title='bbox 375 2560 434 2592; x_wconf 77' lang='lat' dir='ltr'><strong>qua]</strong></span> <span class='ocrx_word' id='word_1_633' title='bbox 453 2562 494 2590; x_wconf 82' lang='lat' dir='ltr'><strong>qui</strong></span> <span class='ocrx_word' id='word_1_634' title='bbox 517 2561 538 2583; x_wconf 81' lang='grc'>1)</span> <span class='ocrx_word' id='word_1_635' title='bbox 658 2561 742 2583; x_wconf 77' lang='lat' dir='ltr'><strong>mortis</strong></span> <span class='ocrx_word' id='word_1_636' title='bbox 765 2561 783 2581; x_wconf 62' lang='lat' dir='ltr'><strong>(J</strong></span> <span class='ocrx_word' id='word_1_637' title='bbox 899 2559 930 2582; x_wconf 74' lang='lat'><strong>23</strong></span> <span class='ocrx_word' id='word_1_638' title='bbox 950 2560 1067 2583; x_wconf 76' lang='lat' dir='ltr'><strong>seusissit</strong></span> <span class='ocrx_word' id='word_1_639' title='bbox 1091 2559 1137 2581; x_wconf 74' lang='lat' dir='ltr'><strong>m!</strong></span> <span class='ocrx_word' id='word_1_640' title='bbox 1249 2559 1374 2582; x_wconf 88' lang='lat' dir='ltr'><strong>tumulum</strong></span> <span class='ocrx_word' id='word_1_641' title='bbox 1394 2556 1454 2590; x_wconf 80' lang='lat' dir='ltr'><strong>GF]</strong></span> <span class='ocrx_word' id='word_1_642' title='bbox 1472 2557 1601 2580; x_wconf 86' lang='lat' dir='ltr'><strong>cumulum</strong></span> <span class='ocrx_word' id='word_1_643' title='bbox 1619 2557 1671 2580; x_wconf 78' lang='lat' dir='ltr'><strong>rell.</strong></span> <span class='ocrx_word' id='word_1_644' title='bbox 1699 2556 1858 2587; x_wconf 77' lang='lat' dir='ltr'><strong>(cummulum</strong></span> <span class='ocrx_word' id='word_1_645' title='bbox 1878 2556 1909 2586; x_wconf 82' lang='lat' dir='ltr'><strong>D)</strong></span> 
     </span>
     <span class='ocr_line' id='line_1_49' title="bbox 324 2599 1946 2635; baseline -0.002 -10"><span class='ocrx_word' id='word_1_646' title='bbox 324 2602 446 2635; x_wconf 71' lang='lat' dir='ltr'><strong>sumeret]</strong></span> <span class='ocrx_word' id='word_1_647' title='bbox 466 2606 576 2632; x_wconf 66' lang='lat' dir='ltr'><strong>surgeret</strong></span> <span class='ocrx_word' id='word_1_648' title='bbox 589 2607 614 2625; x_wconf 86' lang='lat' dir='ltr'><strong>et</strong></span> <span class='ocrx_word' id='word_1_649' title='bbox 629 2602 654 2625; x_wconf 80' lang='lat' dir='ltr'><em>M</em></span> <span class='ocrx_word' id='word_1_650' title='bbox 759 2602 789 2625; x_wconf 72' lang='lat'><strong>24</strong></span> <span class='ocrx_word' id='word_1_651' title='bbox 810 2603 871 2625; x_wconf 79' lang='lat' dir='ltr'><strong>lidae</strong></span> <span class='ocrx_word' id='word_1_652' title='bbox 887 2600 1061 2633; x_wconf 59' lang='lat' dir='ltr'><strong>mammenus]</strong></span> <span class='ocrx_word' id='word_1_653' title='bbox 1080 2603 1127 2625; x_wconf 75' lang='lat' dir='ltr'><strong>nde</strong></span> <span class='ocrx_word' id='word_1_654' title='bbox 1144 2602 1214 2625; x_wconf 80' lang='lat' dir='ltr'><strong>codd.</strong></span> <span class='ocrx_word' id='word_1_655' title='bbox 1323 2601 1354 2624; x_wconf 77' lang='lat'><strong>25</strong></span> <span class='ocrx_word' id='word_1_656' title='bbox 1373 2607 1466 2623; x_wconf 82' lang='lat' dir='ltr'><strong>couexe</strong></span> <span class='ocrx_word' id='word_1_657' title='bbox 1485 2606 1533 2623; x_wconf 89' lang='lat' dir='ltr'><strong>om.</strong></span> <span class='ocrx_word' id='word_1_658' title='bbox 1552 2599 1571 2622; x_wconf 88' lang='lat' dir='ltr'><em>C</em></span> <span class='ocrx_word' id='word_1_659' title='bbox 1673 2604 1731 2623; x_wconf 73' lang='lat' dir='ltr'><strong>tuae</strong></span> <span class='ocrx_word' id='word_1_660' title='bbox 1744 2599 1788 2622; x_wconf 90' lang='lat' dir='ltr'><strong>BL</strong></span> <span class='ocrx_word' id='word_1_661' title='bbox 1892 2599 1946 2628; x_wconf 79' lang='lat' dir='ltr'><strong>api-</strong></span> 
     </span>
     <span class='ocr_line' id='line_1_50' title="bbox 324 2641 1945 2676; baseline -0.001 -10"><span class='ocrx_word' id='word_1_662' title='bbox 324 2653 374 2667; x_wconf 73' lang='lat' dir='ltr'><strong>cem</strong></span> <span class='ocrx_word' id='word_1_663' title='bbox 391 2645 439 2670; x_wconf 73' lang='lat' dir='ltr'><strong>BL,</strong></span> <span class='ocrx_word' id='word_1_664' title='bbox 463 2647 531 2675; x_wconf 77' lang='lat' dir='ltr'><strong>apice</strong></span> <span class='ocrx_word' id='word_1_665' title='bbox 546 2646 565 2668; x_wconf 77' lang='lat' dir='ltr'><strong>lt</strong></span> <span class='ocrx_word' id='word_1_666' title='bbox 671 2650 769 2668; x_wconf 74' lang='lat' dir='ltr'><strong>sauctae</strong></span> <span class='ocrx_word' id='word_1_667' title='bbox 784 2643 842 2676; x_wconf 69' lang='lat' dir='ltr'><strong>GP]</strong></span> <span class='ocrx_word' id='word_1_668' title='bbox 861 2646 938 2667; x_wconf 77' lang='lat' dir='ltr'><strong>suncti</strong></span> <span class='ocrx_word' id='word_1_669' title='bbox 952 2646 1005 2668; x_wconf 83' lang='lat' dir='ltr'><strong>rell.</strong></span> <span class='ocrx_word' id='word_1_670' title='bbox 1025 2646 1065 2672; x_wconf 83' lang='lat' dir='ltr'><strong>(sci</strong></span> <span class='ocrx_word' id='word_1_671' title='bbox 1079 2646 1113 2668; x_wconf 76' lang='lat' dir='ltr'><strong>sic</strong></span> <span class='ocrx_word' id='word_1_672' title='bbox 1128 2644 1153 2674; x_wconf 81' lang='lat' dir='ltr'><strong>C)</strong></span> <span class='ocrx_word' id='word_1_673' title='bbox 1262 2644 1371 2673; x_wconf 81' lang='lat' dir='ltr'><strong>singulto</strong></span> <span class='ocrx_word' id='word_1_674' title='bbox 1394 2643 1413 2665; x_wconf 88' lang='lat' dir='ltr'><em>C</em></span> <span class='ocrx_word' id='word_1_675' title='bbox 1517 2641 1549 2666; x_wconf 77' lang='lat'><strong>26</strong></span> <span class='ocrx_word' id='word_1_676' title='bbox 1568 2645 1662 2665; x_wconf 77' lang='lat' dir='ltr'><strong>aetates</strong></span> <span class='ocrx_word' id='word_1_677' title='bbox 1678 2642 1697 2664; x_wconf 88' lang='lat' dir='ltr'><em>C</em></span> <span class='ocrx_word' id='word_1_678' title='bbox 1799 2642 1913 2665; x_wconf 78' lang='lat' dir='ltr'><strong>inruenti</strong></span> <span class='ocrx_word' id='word_1_679' title='bbox 1925 2641 1945 2665; x_wconf 89' lang='lat' dir='ltr'><em>L</em></span> 
     </span>
     <span class='ocr_line' id='line_1_51' title="bbox 324 2683 1945 2714; baseline -0.001 -5"><span class='ocrx_word' id='word_1_680' title='bbox 324 2688 352 2710; x_wconf 68' lang='lat'><strong>2?</strong></span> <span class='ocrx_word' id='word_1_681' title='bbox 375 2689 495 2711; x_wconf 70' lang='lat' dir='ltr'><strong>maruisse</strong></span> <span class='ocrx_word' id='word_1_682' title='bbox 515 2689 535 2710; x_wconf 91' lang='lat' dir='ltr'><strong><em>A</em></strong></span> <span class='ocrx_word' id='word_1_683' title='bbox 649 2687 680 2711; x_wconf 68' lang='lat'><strong>25</strong></span> <span class='ocrx_word' id='word_1_684' title='bbox 700 2688 767 2710; x_wconf 83' lang='lat' dir='ltr'><strong>thoro</strong></span> <span class='ocrx_word' id='word_1_685' title='bbox 787 2687 820 2709; x_wconf 72' lang='lat' dir='ltr'><strong>G²</strong></span> <span class='ocrx_word' id='word_1_686' title='bbox 933 2687 964 2710; x_wconf 71' lang='lat'><strong>29</strong></span> <span class='ocrx_word' id='word_1_687' title='bbox 984 2688 1066 2710; x_wconf 77' lang='lat' dir='ltr'><strong>sedule</strong></span> <span class='ocrx_word' id='word_1_688' title='bbox 1086 2686 1112 2709; x_wconf 82' lang='lat'><em>.··1</em></span> <span class='ocrx_word' id='word_1_689' title='bbox 1215 2687 1247 2710; x_wconf 87' lang='grc'><strong>30</strong></span> <span class='ocrx_word' id='word_1_690' title='bbox 1268 2688 1342 2710; x_wconf 83' lang='lat' dir='ltr'><strong>iuuce</strong></span> <span class='ocrx_word' id='word_1_691' title='bbox 1363 2685 1392 2708; x_wconf 87' lang='lat' dir='ltr'><strong>C¹</strong></span> <span class='ocrx_word' id='word_1_692' title='bbox 1415 2690 1485 2714; x_wconf 81' lang='lat' dir='ltr'><strong>(corr.</strong></span> <span class='ocrx_word' id='word_1_693' title='bbox 1505 2685 1568 2710; x_wconf 43' lang='lat'><strong>0¹²3:</strong></span> <span class='ocrx_word' id='word_1_694' title='bbox 1592 2686 1676 2708; x_wconf 73' lang='lat' dir='ltr'><strong>iuncta</strong></span> <span class='ocrx_word' id='word_1_695' title='bbox 1696 2683 1744 2707; x_wconf 76' lang='grc' dir='ltr'><strong>ΒΘ</strong></span> <span class='ocrx_word' id='word_1_696' title='bbox 1851 2684 1945 2714; x_wconf 83' lang='lat' dir='ltr'><strong>puber—</strong></span> 
     </span>
     <span class='ocr_line' id='line_1_52' title="bbox 323 2726 1945 2761; baseline -0.002 -9"><span class='ocrx_word' id='word_1_697' title='bbox 323 2732 366 2752; x_wconf 72' lang='lat' dir='ltr'><strong>tati</strong></span> <span class='ocrx_word' id='word_1_698' title='bbox 389 2731 432 2752; x_wconf 73' lang='grc' dir='ltr'>1)Ιι“</span> <span class='ocrx_word' id='word_1_699' title='bbox 539 2730 565 2753; x_wconf 67' lang='lat' dir='ltr'><strong>:ii</strong></span> <span class='ocrx_word' id='word_1_700' title='bbox 589 2731 680 2753; x_wconf 72' lang='lat' dir='ltr'><strong>festina</strong></span> <span class='ocrx_word' id='word_1_701' title='bbox 698 2737 744 2753; x_wconf 83' lang='lat' dir='ltr'><strong>orn.</strong></span> <span class='ocrx_word' id='word_1_702' title='bbox 762 2730 780 2753; x_wconf 90' lang='lat' dir='ltr'><em>L</em></span> <span class='ocrx_word' id='word_1_703' title='bbox 887 2730 917 2752; x_wconf 64' lang='lat'><strong>:52</strong></span> <span class='ocrx_word' id='word_1_704' title='bbox 938 2731 1011 2753; x_wconf 71' lang='lat' dir='ltr'><strong>tucax</strong></span> <span class='ocrx_word' id='word_1_705' title='bbox 1032 2731 1051 2751; x_wconf 86' lang='lat' dir='ltr'><strong><em>A</em></strong></span> <span class='ocrx_word' id='word_1_706' title='bbox 1157 2728 1216 2761; x_wconf 81' lang='lat' dir='ltr'><strong>quo]</strong></span> <span class='ocrx_word' id='word_1_707' title='bbox 1236 2736 1308 2758; x_wconf 77' lang='lat' dir='ltr'><strong>quam</strong></span> <span class='ocrx_word' id='word_1_708' title='bbox 1328 2729 1398 2752; x_wconf 73' lang='lat' dir='ltr'><strong>rodd.</strong></span> <span class='ocrx_word' id='word_1_709' title='bbox 1506 2728 1537 2750; x_wconf 81' lang='lat'><strong>3³</strong></span> <span class='ocrx_word' id='word_1_710' title='bbox 1558 2727 1681 2750; x_wconf 78' lang='lat' dir='ltr'><strong>hnbusisti</strong></span> <span class='ocrx_word' id='word_1_711' title='bbox 1703 2726 1723 2749; x_wconf 78' lang='lat' dir='ltr'><em>C</em></span> <span class='ocrx_word' id='word_1_712' title='bbox 1826 2733 1945 2750; x_wconf 83' lang='lat' dir='ltr'><strong>conmen-</strong></span> 
     </span>
    </p>
   </div>
   <div class='ocr_carea' id='block_1_8' title="bbox 325 2772 813 2798">
    <p class='ocr_par' dir='ltr' id='par_1_8' title="bbox 325 2772 813 2798">
     <span class='ocr_line' id='line_1_53' title="bbox 325 2772 813 2798; baseline 0.004 -5"><span class='ocrx_word' id='word_1_713' title='bbox 325 2773 408 2795; x_wconf 65' lang='lat' dir='ltr'><strong>‹lmtum</strong></span> <span class='ocrx_word' id='word_1_714' title='bbox 430 2772 463 2798; x_wconf 76' lang='grc' dir='ltr'><strong>Μ,</strong></span> <span class='ocrx_word' id='word_1_715' title='bbox 485 2773 664 2795; x_wconf 73' lang='lat' dir='ltr'><strong>commodatum</strong></span> <span class='ocrx_word' id='word_1_716' title='bbox 686 2773 813 2795; x_wconf 61' lang='lat' dir='ltr'><strong>[frou-erus</strong></span> 
     </span>
    </p>
   </div>
   <div class='ocr_carea' id='block_1_9' title="bbox 1970 965 1998 984">
    <p class='ocr_par' dir='ltr' id='par_1_9' title="bbox 1970 965 1998 984">
     <span class='ocr_line' id='line_1_54' title="bbox 1970 965 1998 984; baseline 0 0"><span class='ocrx_word' id='word_1_717' title='bbox 1970 965 1998 984; x_wconf 77' lang='lat'><strong>15</strong></span> 
     </span>
    </p>
   </div>
   <div class='ocr_carea' id='block_1_10' title="bbox 1968 1219 1997 1240">
    <p class='ocr_par' dir='ltr' id='par_1_10' title="bbox 1968 1219 1997 1240">
     <span class='ocr_line' id='line_1_55' title="bbox 1968 1219 1997 1240; baseline -0.034 0"><span class='ocrx_word' id='word_1_718' title='bbox 1968 1219 1997 1240; x_wconf 82' lang='grc'><strong>20</strong></span> 
     </span>
    </p>
   </div>
   <div class='ocr_carea' id='block_1_11' title="bbox 1967 1475 1997 1495">
    <p class='ocr_par' dir='ltr' id='par_1_11' title="bbox 1967 1475 1997 1495">
     <span class='ocr_line' id='line_1_56' title="bbox 1967 1475 1997 1495; baseline 0 0"><span class='ocrx_word' id='word_1_719' title='bbox 1967 1475 1997 1495; x_wconf 74' lang='grc'><strong>25</strong></span> 
     </span>
    </p>
   </div>
   <div class='ocr_carea' id='block_1_12' title="bbox 1969 1731 1998 1751">
    <p class='ocr_par' dir='ltr' id='par_1_12' title="bbox 1969 1731 1998 1751">
     <span class='ocr_line' id='line_1_57' title="bbox 1969 1731 1998 1751; baseline 0 0"><span class='ocrx_word' id='word_1_720' title='bbox 1969 1731 1998 1751; x_wconf 79' lang='lat'><strong>30</strong></span> 
     </span>
    </p>
   </div>
  </div>
 </body>
</html>
