2038 3036
184 577 254 607 vill

211 1039 254 1069 lx

286 132 324 154 5³
586 120 778 147 ol·x'sci·1,.›x
800 120 989 146 viiNAx'rlo
1011 118 1237 145 1³⁴·›1e'1'va'1'o
1256 119 1359 146 MALE
1378 118 1600 148 ATTRIBYTA

285 228 365 257 qum·
392 218 432 248 ibi
460 216 598 247 latebunt
622 215 728 245 statim
754 214 892 245 clauum·
917 218 1087 253 coeperunt
1110 212 1265 244 dicentia:
1294 213 1378 251 Quid
1403 224 1461 246 uos
1485 219 1516 246 et
1540 215 1601 248 hie.
1629 216 1766 248 Maurili.
1794 227 1904 258 perse-

285 269 413 308 qut-risa·
459 269 491 298 ln
526 267 573 297 bis
603 265 784 303 regionibns
817 265 924 296 nullus
955 270 1002 294 est
1029 264 1114 295 loeus
1139 274 1201 303 quo
1224 268 1254 295 tc
1279 265 1416 297 evadere
1440 266 1616 298 valeamus.
1666 268 1744 299 Ilico
1767 278 1903 308 namque

286 320 314 350 in
346 320 514 350 :aliorsum
547 317 639 355 signo
671 321 800 347 sunctae
832 315 935 346 erneis
962 315 1106 356 opposito
1130 315 1299 347 daemonia
1323 321 1453 358 repente
1477 318 1602 349 elevato
1633 328 1750 359 magno
1781 320 1903 360 mugitu

285 382 343 401 non
376 371 443 400 sine
475 370 627 399 immenso
657 368 774 398 foetore
800 367 958 406 fugerunt.
1018 368 1064 395 ’311
1104 366 1161 398 Ille
1185 371 1291 398 autern
1316 368 1453 400 omnium
1478 369 1633 400 idolorum
1658 370 1828 402 simulacra
1852 381 1904 402 co-

282 421 414 452 adunari
448 419 607 460 praecepit
637 424 667 450 et
698 419 825 458 ignibus
856 427 1061 448 concremans
1093 417 1125 448 in
1151 417 1293 449 favillam
1318 419 1452 459 redegit.
1500 420 1624 452 Deinde
1649 421 1806 453 mundans
1829 421 1904 453 dili-

282 473 408 511 gentius
433 472 533 502 lovum
560 470 676 501 ibidem
703 469 886 500 honorabile
911 469 1021 500 statuit
1045 469 1282 501 monasterium.
1311 470 1394 511 qnod
1419 471 1460 503 ad
1484 471 1618 512 gloriam
1636 472 1754 504 Christi
1779 476 1810 504 et
1834 473 1904 504 lau-

282 525 351 556 dem
378 534 457 554 nune
483 532 581 561 nsque
606 521 654 552 sui
682 524 846 561 permanet
870 520 1073 551 confessoris.

370 578 414 604 :¹:51
461 573 632 604 Monachus
663 572 792 612 «puidam
819 572 967 602 Clemens
991 571 1119 603 nomine
1144 582 1199 613 per
1222 576 1287 603 tres
1310 573 1427 613 iugiter
1449 584 1549 605 annos
1571 575 1737 615 quartanis
1761 575 1904 607 febribus

282 627 438 657 urebatur.
482 624 646 655 Attcrebat
671 624 754 654 enim
781 623 871 654 illum
896 622 1012 653 nimius
1035 626 1145 654 aestus
1169 633 1241 654 cum
1265 623 1383 664 frigore
1407 629 1438 656 et
1460 628 1529 656 erat
1551 625 1580 657 ei
1604 625 1712 657 horror
1729 626 1802 658 cibi.
1830 636 1900 658 cum

282 678 412 716 fatigato
438 676 524 707 febro
551 684 625 716 prae
649 674 756 706 dolore
781 674 931 705 deiiceret
954 674 1054 705 virtus
1078 675 1246 706 stomachi.
1300 677 1348 714 (32
1388 676 1530 716 Cumque
1554 677 1611 708 tali
1627 676 1736 708 dolore
1753 676 1903 710 deficeret

281 730 406 768 iamque
437 728 476 759 ‹le
510 726 669 768 praesenti
701 726 765 757 rita
791 725 981 756 ‹minimodis
1005 725 1206 766 desperaret,
1241 726 1414 758 amicorum
1440 727 1559 758 monitu
1584 727 1624 758 ad
1648 728 1776 759 beatum
1801 728 1901 760 virum

280 791 313 810 se
345 779 507 810 transferri
541 777 714 819 praecepit.
763 777 825 814 Qui
857 781 889 807 nt
921 776 990 808 eius
1023 777 1236 817 praesentiam
1264 777 1373 810 videre
1398 778 1587 819 promeruit,
1621 779 1766 820 eulogias
1790 780 1903 812 salutis

280 832 338 862 sibi
365 831 434 862 «luri
459 831 499 861 ab
524 830 634 861 eodem
660 828 797 860 fideliter
822 828 1005 869 postulavit.
1062 830 1121 867 333}
1149 828 1236 866 Quas
1260 828 1335 860 dum
1360 829 1473 861 beatus
1504 830 1654 861 sacerdos
1684 830 1901 862 sanctificatas

279 883 324 914 illi
358 883 396 913 (le
422 892 506 913 more
532 881 724 922 porrigeret.
763 880 896 919 languor
918 879 972 919 qui
996 879 1186 911 monachum
1211 880 1330 912 diutius
1354 880 1547 921 fatigaverat
1570 884 1603 912 ut
1627 882 1733 913 fumus
1756 882 1896 914 evanuit.

279 944 412 974 moxque
445 933 528 964 omni
561 933 675 963 viante
699 932 865 962 roboratus
889 931 1024 972 propriis
1047 941 1213 971 regressus
1237 936 1286 964 est
1308 932 1452 973 vestigiis
1482 932 1535 972 qui
1566 932 1608 963 ad
1639 933 1766 965 beatum
1798 934 1900 965 virum
1940 943 1951 960 ⁵

279 985 482 1017 :nlminienlis
506 987 635 1015 venerat
659 983 784 1014 alienis.
1150 983 1168 1001 ⁸

381 1039 417 1066 3-1
461 1035 613 1066 Proximis
642 1045 718 1066 ¹sane
750 1034 866 1065 exinde
897 1033 1010 1065 diebus
1040 1034 1113 1065 dum
1145 1034 1360 1075 negotiatores
1390 1035 1472 1066 inter
1501 1035 1699 1067 diversarum
1722 1036 1900 1077 specierum

276 1095 305 1120 et
338 1087 487 1119 mercium
519 1086 630 1127 copias
662 1086 757 1117 scitos
789 1085 952 1126 utriusque
983 1095 1080 1117 sexus
1110 1086 1244 1117 iuvenes
1268 1087 1400 1118 venales
1433 1086 1586 1118 haberent
1614 1091 1647 1119 et
1678 1097 1748 1118 cum
1779 1087 1900 1119 eisdem

276 1140 315 1170 :ul
342 1138 512 1180 Hispanias
537 1137 720 1175 tenderenty
748 1140 803 1168 aut
827 1136 1064 1168 necessitudine
1089 1137 1289 1168 commeandi
1313 1141 1369 1169 aut
1391 1137 1552 1169 desiderio
1575 1138 1752 1170 sacerdotis
1775 1138 1900 1170 visendi

277 1202 332 1232 per
355 1190 518 1222 Calonnae
551 1188 714 1230 praedium
745 1189 805 1220 iter
832 1189 982 1229 agebant.
1036 1190 1096 1227 (35)
1126 1189 1405 1221 l’raetereuntibus
1429 1192 1536 1220 autem
1561 1198 1654 1221 secus
1677 1189 1790 1221 aedem
1815 1189 1899 1221 beati

276 1242 482 1273 confessoris.
517 1250 598 1272 unus
630 1250 736 1272 eorum
768 1239 821 1279 qui
847 1239 1007 1271 vendendi
1031 1239 1230 1271 ducebantur
1252 1250 1368 1281 magno
1392 1240 1560 1281 prosiliens
1584 1240 1704 1281 impetu
1728 1241 1899 1272 ecclesiam

276 1295 439 1333 ingressus
470 1296 518 1324 est
541 1296 571 1324 et
595 1292 778 1332 provolutus
804 1301 875 1322 cum
900 1291 1039 1322 lacrimis
1063 1291 1199 1332 pedibus
1224 1291 1416 1323 confessoris
1441 1291 1570 1330 orabat,
1606 1295 1641 1323 ut
1663 1292 1729 1323 suis
1753 1292 1900 1333 precibus

275 1349 327 1376 aut
359 1345 468 1386 pretiis
499 1353 533 1375 se
565 1353 598 1374 se
622 1353 677 1384 pro
701 1342 752 1374 dei
777 1352 884 1374 amore
908 1342 1080 1374 redimeret
1104 1342 1462 1383 secumqueretineret.
1498 1343 1552 1383 qui
1576 1343 1684 1374 furtim
1709 1342 1750 1374 de
1773 1343 1900 1384 propria

276 1396 473 1437 captivitatis
491 1394 593 1436 patria
610 1394 799 1426 vendendus
823 1394 998 1425 ducebatur
1021 1394 1053 1425 in
1079 1394 1230 1425 alienam.
1282 1395 1343 1434 (36)
1374 1394 1472 1426 Cuius
1489 1394 1596 1426 verbis
1613 1398 1645 1426 et
1664 1393 1790 1426 fletibus
1806 1404 1898 1426 suum

275 1447 474 1489 patrioticum
499 1456 729 1487 recognoscens
753 1449 928 1477 commotus
952 1449 1001 1477 est
1024 1445 1079 1487 pia
1102 1449 1208 1477 mente
1231 1445 1382 1477 sacerdos
1402 1455 1460 1477 nec
1480 1455 1567 1477 mora
1583 1456 1640 1487 pro
1657 1445 1782 1487 captivo
1798 1445 1898 1487 ipsius

275 1499 433 1530 domiuum
459 1498 696 1539 supplicaturus
721 1497 883 1537 egreditur
905 1497 1131 1537 humiliterque
1152 1497 1362 1538 supplicabat.
1391 1500 1425 1528 ut
1442 1497 1502 1528 sibi
1519 1497 1720 1535 venderetur,
1748 1497 1898 1537 quatinus

274 1562 291 1581 a
323 1561 356 1582 se
388 1550 516 1582 servitio
547 1549 712 1580 absolutus
744 1548 824 1580 liber
855 1548 897 1580 ad
920 1549 1054 1589 patriam
1078 1552 1301 1580 reverteretur.
1355 1550 1415 1589 (37²
1444 1548 1508 1579 Sed
1532 1558 1602 1580 cnm
1627 1548 1774 1580 dominns
1796 1548 1898 1590 ipsius

275 1612 395 1632 ¹sunnna
421 1600 632 1632 obstinatione
655 1600 690 1631 id
713 1600 781 1631 {ieri
806 1610 900 1641 posse
923 1604 1066 1640 negaret.
1094 1600 1207 1631 annuit
1229 1600 1305 1639 suis,
1334 1603 1368 1631 ut
1392 1599 1497 1641 ipsum
1521 1599 1561 1631 de
1585 1600 1723 1632 ecclesia
1746 1600 1898 1632 velociter

274 1653 487 1684 extraherent.
529 1651 726 1684 Cedentibus
749 1655 857 1683 autem
881 1651 1034 1683 ministris
1057 1651 1184 1692 vimque
1208 1651 1399 1683 facientibus
1421 1661 1459 1682 ae
1482 1650 1602 1682 domini
1625 1651 1674 1682 sui
1691 1654 1897 1692 praeceptum

274 1704 520 1744 exequentibus.
552 1703 714 1734 immensis
738 1703 884 1744 captivus
907 1703 1046 1734 clamare
1070 1702 1200 1734 vocibus
1224 1703 1343 1744 eoepit:
1377 1702 1528 1734 Miserere
1551 1706 1582 1734 et
1605 1711 1768 1740 succurre,
1802 1711 1893 1734 serve

274 1755 342 1787 dei.
375 1766 467 1795 quem
498 1755 609 1786 devote
637 1754 824 1786 liberandus
852 1754 984 1795 expetii,
1038 1755 1095 1794 [38ss*
1125 1753 1282 1785 Sacerdos
1311 1764 1386 1785 vero
1411 1753 1502 1785 flexis
1527 1753 1593 1785 solo
1617 1753 1782 1795 paululum
1805 1753 1897 1794 geni-

274 1807 332 1838 bus
362 1817 533 1847 rursusque
564 1806 697 1838 elevatis
728 1806 770 1837 ad
800 1806 923 1837 eaelum
947 1805 1094 1837 manibus
1118 1805 1232 1845 iuquit:
1267 1805 1405 1837 Domine
1429 1805 1509 1836 deus
1533 1804 1752 1846 omnipotens,
1786 1804 1896 1844 quiin

274 1972 385 2000 Cumque
405 1971 463 1993 illuc
483 1970 652 1999 pervenisset.
674 1971 759 1992 statim
780 1970 805 1992 in
824 1976 879 1993 aere
898 1969 1026 1993 daemonia
1045 1972 1182 1999 coeperunt
1200 1969 1316 1992 clamare:
1339 1969 1405 1997 Quid
1426 1976 1468 1992 uos
1487 1971 1511 1992 et
1531 1968 1569 1991 hie
1589 1969 1757 1998 persequeris,
1780 1968 1897 1992 Maurili?

274 2013 361 2036 Nullus
386 2016 424 2035 est
449 2013 517 2035 locus
536 2015 627 2043 quote
647 2012 750 2035 evadere
769 2013 903 2042 possimus.
943 2012 988 2034 Ille
1013 2015 1096 2035 autem
1122 2013 1245 2035 festinans
1270 2018 1351 2042 neque
1376 2011 1515 2042 quidquam
1539 2014 1621 2034 motus
1646 2011 1677 2034 ad
1702 2011 1800 2041 plenam
1822 2018 1897 2034 vene-

274 2063 348 2078 nosae
373 2055 534 2084 malignitatis
559 2056 754 2084 quaerimoniam
780 2055 903 2085 quidquid
927 2055 960 2078 ibi
987 2056 1068 2078 suerat
1095 2058 1270 2085 congregatum
1289 2061 1321 2077 ex
1339 2055 1443 2078 diversis
1460 2054 1534 2077 idolis
1552 2055 1611 2083 igne
1630 2055 1749 2078 cremavit
1768 2058 1793 2077 et
1811 2060 1895 2077 mona-

274 2099 377 2122 sterinm
398 2099 431 2121 ibi
452 2099 561 2127 proxime
580 2098 719 2126 voristituit,
741 2098 804 2128 quod
823 2101 951 2128 permanet
971 2104 1050 2128 usque
1070 2098 1096 2120 in
1116 2100 1274 2127 praesentem
1292 2098 1358 2121 diem
1377 2098 1407 2121 ad
1419 2098 1521 2127 gloriam
1534 2097 1628 2121 domini
1642 2098 1720 2120 nostri
1734 2097 1791 2120 Iesu
1804 2096 1896 2120 Christi

274 2145 297 2164 et
317 2142 457 2164 memoriam
477 2141 556 2163 incliti
577 2140 683 2163 Maurilii
703 2142 860 2164 confessoris.

359 2184 383 2207 8.
405 2184 419 2206 ss
441 2183 607 2212 Maynobodus
626 2191 646 2207 c.
670 2185 700 2206 T:
720 2184 856 2207 Monachus
874 2185 975 2207 nomine
994 2183 1113 2207 Clemens
1132 2184 1244 2207 febribus
1263 2184 1392 2213 quartanis
1411 2183 1484 2206 annis
1502 2183 1584 2206 tribus
1603 2183 1748 2207 vexabatur.

359 2228 382 2249 n.
408 2226 436 2249 lo
460 2228 528 2256 (irey.
554 2226 612 2249 Tur.
633 2227 662 2249 de
680 2228 736 2250 virt.
758 2227 785 2250 S.
809 2226 911 2249 Martini
931 2227 969 2255 ΙΙ,
990 2229 1019 2250 l:
1045 2229 1071 2250 et
1096 2230 1161 2250 errat
1183 2226 1265 2250 horror
1290 2227 1354 2256 cibi,
1383 2232 1489 2256 cumque
1514 2226 1544 2249 ab
1563 2225 1662 2249 inaedia
1680 2225 1797 2249 deficeret
1816 2225 1896 2248 virtus

273 2270 402 2297 stomarbi,
424 2270 500 2292 febris
519 2272 615 2292 tantum
636 2273 687 2292 erat
706 2270 788 2293 victus
807 2271 911 2300 corpori.

361 2312 399 2335 10.
424 2312 450 2335 ll
474 2312 545 2341 (ii-ey.
570 2312 631 2335 Tur.
651 2314 668 2336 l.
691 2313 706 2335 l.
721 2321 728 2334 s
748 2316 772 2335 et
791 2313 873 2335 taliter
891 2314 929 2342 agi
949 2313 1028 2343 coepi,
1049 2315 1077 2336 ut
1097 2313 1239 2336 inminente
1258 2315 1335 2335 morte
1355 2313 1439 2335 vivere
1457 2311 1604 2335 omnimodis
1623 2311 1783 2341 disperarem.

362 2355 460 2378 12—15
483 2354 652 2384 Maynabodus
671 2356 687 2378 l.
709 2356 744 2377 l.:
771 2356 884 2384 Cumque
909 2355 1008 2378 tandem
1027 2356 1140 2384 eulogias
1159 2355 1346 2378 sanctissimum
1366 2355 1447 2378 virum
1466 2354 1616 2384 postulasset
1641 2357 1666 2377 et
1691 2353 1733 2376 ille
1759 2354 1782 2377 ei
1806 2353 1895 2377 libenti

274 2399 353 2421 aninlo
373 2399 549 2427 praestitisset,
572 2398 628 2420 ilico
647 2401 673 2420 nt
694 2399 778 2421 sumus
797 2399 898 2427 languor
917 2399 964 2421 iste
983 2398 1098 2421 diutinus
1118 2398 1221 2421 evanuit
1239 2401 1265 2421 et
1283 2398 1390 2428 sospitas
1410 2399 1492 2427 optata
1511 2397 1640 2420 successit.

362 2441 388 2463 17
410 2454 442 2457 —
460 2449 483 2470 p.
501 2440 541 2466 89,
564 2441 580 2463 1.
599 2440 628 2463 10
649 2439 818 2469 Maynobodus
837 2447 857 2463 c.
877 2442 908 2464 8:
934 2441 1157 2464 Praetereuntibus
1180 2440 1287 2470 quadam
1305 2440 1346 2464 die
1366 2447 1410 2470 per
1428 2440 1511 2469 ipsum
1531 2439 1654 2463 calonnae
1672 2439 1800 2469 praedium
1818 2444 1895 2468 nego-

273 2484 416 2508 tiatoribus,
446 2485 487 2513 qni
508 2484 587 2507 solent
608 2484 672 2506 inter
691 2483 738 2506 alia
757 2484 903 2506 commercia
921 2484 996 2506 etiam
1015 2484 1129 2506 homines
1148 2484 1258 2513 captivos
1277 2483 1440 2512 venumdare,
1467 2489 1533 2505 unus
1552 2489 1583 2505 ex
1603 2482 1698 2505 eisdem
1724 2482 1829 2511 captivis
1851 2481 1894 2511 qui

275 2530 397 2555 {uinquam
424 2533 517 2549 merces
541 2526 667 2555 quaelibet
690 2526 846 2549 ducebantur
870 2527 970 2549 venales
995 2527 1138 2555 confugium
1162 2527 1188 2548 in
1213 2526 1342 2549 ecclesiam
1367 2526 1434 2548 fecit.
1473 2525 1564 2548 Beatus
1583 2525 1714 2548 Maurilius
1738 2523 1844 2554 supplex
1863 2523 1894 2546 ad

274 2570 384 2591 domin-v>
405 2573 515 2599 pret-ator
534 2569 644 2597 avcedit,
672 2571 698 2591 nt
718 2569 835 2592 miserum
855 2569 976 2592 redimere
995 2573 1085 2599 posset.
1126 2569 1197 2592 Tunc
1215 2569 1251 2591 illi
1271 2568 1392 2592 humilem
1412 2568 1518 2598 superbe
1535 2572 1683 2597 spernentes
1709 2573 1806 2597 precem
1829 2572 1893 2590 ausu

275 2612 403 2633 trun-rarii·
435 2612 565 2640 fugitivum
594 2612 624 2634 de
649 2611 754 2634 eeclesia
781 2618 864 2641 rapere
889 2615 1029 2641 coeperunt.
1077 2612 1109 2634 At
1133 2611 1175 2634 ille
1200 2611 1278 2634 multo
1302 2611 1381 2640 inagis
1407 2614 1467 2634 tunc
1491 2610 1606 2640 trepidus
1630 2614 1655 2633 et
1681 2610 1820 2633 vociferans
1842 2610 1890 2632 ait:

360 2756 387 2778 ’.Ἰ
412 2757 536 2778 nvn-liniri
560 2756 579 2778 1*
683 2756 712 2779 21
733 2757 871 2786 eaptinitus
894 2756 913 2777 (ι’

1925 433 1937 450 5

1926 688 1953 706 11)

1920 1199 1950 1218 2«)

1919 1455 1948 1475 25

1917 1712 1928 1730 'd
1933 1712 1946 1730 0

2015 0 2031 98 '3⁶'-
