2038 3036
277 140 313 167 s}
576 133 768 160 «›Px·sc·v1.A
791 130 984 158 viijx'rlo
1005 128 1231 156 Foss'rvsA'ro
1250 129 1357 156 MALE
1376 129 1596 156 ATPRIBVTA

364 230 483 260 XXIII.
513 228 656 265 Qualiter
689 227 719 257 iu
753 226 828 256 villa
851 213 991 256 'uei-iaco
1024 224 1142 254 bubula
1173 223 1384 255 daemonibus
1415 224 1510 265 plena
1541 234 1612 255 eum
1644 234 1740 256 cornu
1771 224 1899 265 petierit

278 282 439 321 ipsamque
466 281 554 317 signo
579 278 679 308 crucis
704 276 847 317 opposito
872 275 1056 306 salvaverit.

363 330 479 361 xxiv.
512 329 655 366 Qualiter
693 328 722 358 in
756 327 934 358 Meduanac
966 325 1062 356 tiuvio
1094 325 1296 366 naufragium
1327 325 1486 357 dormiens
1518 326 1696 367 pertulerit,
1741 336 1899 368 experge-

277 385 376 413 [ςιμῐιμ-
402 391 474 410 vero
499 391 531 409 sc
557 380 660 419 ipsunt
685 385 715 408 et
739 378 819 408 alios
844 377 959 409 exinde
985 376 1146 417 eripuerit.

363 431 462 462 XXX.
490 430 634 467 Qualiter
666 434 819 460 mortuum
851 428 1083 459 catecuminum
1113 427 1153 458 de
1182 437 1312 459 numero
1342 427 1530 459 famulorum
1559 437 1637 459 suae
1668 427 1825 460 ecelesiae
1850 428 1898 459 la-

275 484 379 513 crimis
405 488 432 512 ct
459 482 599 512 oratione
625 480 871 511 resuscitaverit.

362 533 477 564 xxxi.
504 532 647 569 Qualiter
679 531 759 562 duos
790 530 965 561 miserabili
991 530 1144 570 languore
1170 530 1313 570 leprosos
1337 530 1405 561 sola
1429 534 1550 562 tantuin
1575 530 1766 562 salutatione
1791 530 1899 562 subita

275 585 477 625 inspiratione
500 583 708 614 nnnnlaverit.

361 635 492 666 xxvii.
527 634 672 671 Qualiter
705 633 862 674 quendam
899 632 1101 673 peregrinum
1128 634 1280 663 ‘sanctum
1311 633 1411 663 virum
1445 632 1632 664 eruditionis
1664 642 1760 664 causa
1791 632 1832 664 ad
1864 642 1898 664 se

275 688 452 718 venientem
485 685 672 716 mirabiliter
702 685 732 716 in
765 685 814 715 ria
848 694 903 725 per
935 694 1006 715 curn
1037 694 1141 714 coram
1174 684 1282 715 inultis
1313 684 1491 715 astantibus
1521 683 1649 724 populis
1678 683 1824 715 dominus
1848 693 1898 715 re-

273 738 482 769 suscitaverit.

359 788 509 819 xxx'nl.
538 788 584 818 lie
616 786 782 818 cotidianis
815 786 898 817 beati
923 785 1061 816 Maurilii
1087 785 1256 817 virtutibus
1280 790 1311 817 et
1335 786 1529 817 abstinentia
1553 795 1590 817 ac
1614 785 1751 817 vestium
1775 785 1898 818 vilitate

272 847 301 871 ct
332 840 458 880 qualem
484 849 539 879 per
563 849 653 869 ‹ninnc
678 843 803 878 tempus
828 837 912 868 vitae
937 846 1015 868 suae
1039 836 1135 868 vitam
1162 837 1288 868 duxerit
1318 837 1485 878 qualisque
1517 837 1601 869 circa
1633 837 1727 868 finem
1759 837 1900 869 extiterit

272 896 302 922 ct
333 890 598 930 ‹picnnulinodum
631 889 762 930 criptam
787 888 947 929 duplicem
981 888 1022 919 ad
1046 888 1262 928 aquilonalem
1287 888 1375 919 urbis
1399 893 1523 929 partem
1547 888 1590 920 ad
1613 888 1797 929 sepulturae
1821 898 1898 920 suae

273 943 372 972 Iocum
405 942 471 972 lieri
503 941 627 972 iusserit
655 945 686 972 et
708 940 846 980 qualiter
869 940 953 971 clero
978 949 1035 971 suo
1059 939 1177 971 obitum
1203 949 1294 971 suum
1319 940 1414 980 longe
1438 943 1512 971 ante
1536 939 1724 980 praedicens
1747 939 1799 971 die
1824 949 1898 981 sep-

272 994 346 1024 tima
372 992 638 1024 itu-onnnoditatis
662 986 764 1023 corani
790 991 898 1023 multis
923 990 1060 1023 feliciter
1083 991 1268 1023 excesserit.

357 1044 477 1074 XXIX.
505 1043 649 1080 Qualiter
677 1043 821 1082 geminos
853 1052 892 1074 ex
923 1047 1011 1074 utero
1042 1042 1152 1073 matris
1184 1052 1260 1074 suae
1293 1051 1404 1073 caecos
1435 1052 1490 1082 pro
1521 1052 1574 1074 eo.
1609 1046 1779 1082 antequam
1804 1052 1899 1084 sepe-

273 1096 389 1126 liretur.
418 1095 459 1126 ad
484 1095 552 1126 cius
577 1095 725 1126 t'eretrum
751 1093 898 1125 dominus
923 1093 1162 1125 illuminaverit.

358 1146 461 1176 XXX.
489 1145 762 1183 Quemadmodum
786 1145 946 1185 quendam
971 1145 1171 1186 paraliticum
1197 1155 1254 1186 per
1276 1154 1347 1176 xxx
1363 1154 1463 1176 annos
1480 1145 1512 1176 in
1529 1145 1611 1177 lecto
1627 1145 1793 1183 iacentem,
1822 1144 1897 1176 dum

271 1208 383 1239 corpus
408 1197 491 1229 beati
515 1197 654 1228 Maurilii
678 1200 856 1238 portaretur
880 1196 921 1228 ad
945 1197 1119 1235 tumulum,
1147 1206 1203 1238 pro
1227 1206 1264 1228 eo
1287 1196 1434 1228 domiuus
1458 1196 1490 1227 in
1513 1196 1566 1227 via
1589 1197 1762 1228 sanaverit.
1810 1196 1897 1234 Qua-

272 1250 341 1280 liter
371 1248 478 1289 quanti
509 1248 612 1280 meriti
637 1248 732 1279 suerit
755 1247 911 1280 ostendit.
945 1247 1019 1278 dum
1044 1252 1114 1288 post
1139 1247 1208 1279 eius
1231 1247 1397 1279 transitum
1423 1247 1542 1279 crebris
1566 1247 1727 1279 miraculis
1750 1247 1898 1279 dominus

271 1301 338 1331 eius
363 1304 494 1331 exornat
519 1299 736 1340 sepulchrum.

356 1403 455 1433 Raino
482 1402 643 1443 quondam
669 1402 769 1433 sancti
794 1401 921 1433 Martini
946 1400 1125 1432 cotidianus
1150 1401 1327 1442 discipulus
1351 1404 1382 1432 et
1405 1410 1531 1442 semper
1554 1401 1724 1432 eanonicus
1747 1411 1785 1432 ac
1808 1405 1897 1443 post-

271 1454 396 1485 modum
428 1458 556 1485 sauctae
587 1453 828 1485 Andecavensis
859 1452 1017 1484 ecelesiae
1050 1462 1089 1484 ex
1120 1452 1212 1484 initio
1242 1452 1484 1484 christianitatis
1514 1461 1639 1484 xxx111.
1667 1452 1796 1484 humilis
1827 1452 1897 1494 epi-

271 1516 384 1546 scopus
415 1505 453 1536 ob
486 1505 634 1537 honorem
663 1504 889 1546 omnipotentis
912 1503 963 1535 dei
987 1513 1045 1535 nec
1068 1513 1130 1535 uon
1155 1508 1187 1536 et
1210 1503 1354 1536 eiusdem
1379 1504 1479 1536 sancti
1503 1503 1643 1535 Maurilii
1665 1507 1760 1544 atque
1783 1503 1897 1535 remis—

271 1558 389 1588 sionem
422 1556 639 1598 peccaminum
671 1556 797 1587 animae
829 1565 906 1587 suae
938 1565 1021 1586 anno
1051 1555 1279 1587 incarnationis
1311 1554 1489 1586 dominicae
1513 1555 1618 1586 adhuc
1642 1554 1673 1586 in
1697 1563 1839 1587 Deccev.
1865 1558 1897 1586 et

271 1608 475 1639 ordinationis
509 1608 710 1648 episcopatus
741 1607 790 1638 sui
820 1607 853 1638 in
885 1616 967 1638 xxv.
1000 1606 1083 1638 hanc
1115 1606 1214 1638 vitam
1238 1606 1324 1638 beati
1348 1606 1487 1638 Maurilii
1511 1606 1650 1638 scribere
1674 1616 1711 1638 ac
1735 1605 1897 1647 requirere

270 1659 371 1691 iussit.
420 1658 643 1690 Archaualdus
673 1658 775 1690 sancti
798 1658 925 1690 Martini
956 1658 1134 1699 discipulus
1165 1661 1197 1690 et
1227 1657 1380 1689 diaeonus
1410 1658 1499 1689 iussu
1530 1657 1665 1699 praefati
1689 1656 1797 1688 domni
1820 1657 1898 1688 Rai-

271 1711 361 1742 uonis
385 1710 510 1751 scripsit
534 1714 564 1741 et
588 1709 764 1750 requisivit.

766 1903 898 1951 VITA
931 1903 1093 1950 BEATI
1126 1902 1395 1950 MAVRILII.

366 2021 385 2048 'l
432 2018 530 2058 Igitur
546 2018 712 2049 Mam-ilius
728 2017 980 2049 Mediolanensis
1004 2017 1111 2058 oppidi
1136 2017 1287 2057 indigena
1304 2017 1407 2049 extitit
1423 2017 1609 2058 parentibus
1625 2016 1896 2057 splendidissimis

272 2074 455 2109 procreatus
472 2075 502 2100 et
519 2070 558 2100 ab
575 2069 653 2110 ipsis
671 2079 751 2110 pene
768 2069 936 2101 cunabulis
953 2079 972 2100 a
988 2069 1080 2100 beato
1099 2069 1250 2108 Martino,
1278 2068 1332 2109 qui
1348 2068 1414 2100 illis
1430 2068 1625 2110 temporibus
1642 2067 1817 2100 Mediolani
1834 2067 1896 2099 sibi

271 2120 494 2151 monasterium
509 2121 730 2158 collocaverat,
748 2121 846 2152 sacris
863 2120 978 2152 litteris
996 2123 1027 2152 et
1043 2119 1231 2151 liberalibus
1248 2119 1362 2151 studiis
1377 2119 1542 2151 institutus
1559 2123 1618 2151 est.
1662 2120 1698 2159 μὶ)
1720 2118 1784 2150 Sed
1803 2119 1895 2150 beato

272 2171 406 2202 Martino
422 2171 624 2203 Arrianorum
649 2171 782 2212 pertidia
806 2172 845 2203 de
870 2171 999 2203 civitate
1023 2171 1080 2202 illa
1104 2171 1248 2212 expulso,
1276 2174 1406 2203 sanctus
1428 2171 1493 2202 iam
1511 2169 1678 2202 Maurilius
1701 2174 1766 2201 tam
1789 2179 1896 2202 amore

272 2232 364 2261 quam
397 2233 582 2262 magnortnn
614 2223 792 2263 praeceptis
823 2226 990 2264 parentum
1020 2223 1074 2263 qui
1102 2222 1272 2254 Mai-tinum
1305 2222 1391 2264 prius
1421 2222 1511 2262 sequi
1541 2221 1746 2262 concupierat
1774 2220 1895 2252 ibidem

272 2273 452 2304 demoratus
483 2277 547 2311 est,
583 2283 747 2314 quousque
779 2284 798 2305 a
828 2274 921 2305 beato
945 2273 1114 2305 Ambrosio
1144 2273 1245 2314 ipsius
1275 2273 1414 2305 cixdtatis
1438 2273 1588 2314 episcopo
1611 2271 1744 2304 offitium
1769 2271 1896 2304 lectoris

272 2324 404 2365 accepit.
469 2326 485 2355 :3
525 2324 649 2356 Interea
673 2329 764 2365 pater
786 2325 903 2366 ipsius,
935 2325 988 2365 qui
1012 2324 1178 2356 nobilitate
1208 2334 1246 2356 ac
1275 2324 1396 2356 viribus
1424 2328 1521 2356 totam
1554 2333 1636 2365 pene
1667 2323 1801 2364 regebat
1830 2323 1895 2354 He-

359 2437 398 2460 31,
422 2438 461 2459 252.
485 2437 514 2458 :47
535 2450 565 2453 —
585 2445 610 2466 p.
627 2436 658 2459 85
679 2438 694 2459 l.
721 2437 741 2460 l.
764 2438 787 2460 25.
810 2437 823 2459 -I
846 2436 1015 2466 Jluynobodus
1035 2437 1051 2460 l.
1074 2437 1108 2459 I.:
1136 2436 1195 2460 Nam
1216 2437 1245 2460 de
1264 2443 1355 2466 genere
1374 2436 1449 2459 nobili
1471 2437 1591 2465 veniens.
1619 2438 1689 2465 patre
1707 2435 1825 2459 defuncto
1844 2442 1896 2458 ma-

361 2548 366 2569 l
392 2555 527 2575 gerciacnm
543 2549 646 2570 intexta
746 2549 760 2570 ὅ
780 2546 961 2579 inspiratione]
980 2549 1073 2577 scripsi,
1097 2548 1266 2577 insperatione
1282 2547 1333 2577 GP,
1355 2548 1513 2578 inspectione
1528 2546 1631 2570 Bordier
1732 2546 1762 2570 10
1783 2547 1824 2570 uia
1837 2553 1895 2576 per-

273 2595 371 2612 cuntem
394 2590 494 2612 lior-dier
609 2590 636 2613 17
658 2589 756 2622 XXIX]
777 2598 822 2613 om.
842 2593 862 2611 (i
967 2590 999 2613 20
1018 2588 1136 2622 qualiter]
1156 2597 1176 2613 c.
1201 2589 1272 2613 XXX
1291 2591 1339 2613 t'nc.
1358 2589 1403 2612 GP
1507 2589 1539 2612 22
1559 2587 1729 2621 sepulchrum]
1749 2589 1895 2619 expliciunt

273 2633 380 2662 vapimla
398 2632 455 2655 ιιιΙιΙ.
474 2633 494 2655 Ρ
609 2633 640 2656 2ῑῖ
661 2634 728 2655 raino
746 2646 778 2649 —
799 2633 830 2656 *22⁸
851 2631 998 2664 requi-sinit]
1017 2632 1038 2661 s.
1055 2634 1156 2656 52—53
1179 2633 1209 2662 G,
1230 2632 1249 2661 f.
1268 2629 1322 2655 115¹
1344 2632 1371 2662 P,
1394 2633 1434 2655 ubi
1454 2633 1522 2655 locus
1540 2633 1671 2662 proloyum
1693 2632 1806 2661 (ἔτερος-Εἰ
1825 2631 1896 2655 ducit.

273 2675 302 2698 Ἠ
325 2675 423 2707 xxxiii]
445 2676 497 2698 ''z-t.
520 2682 590 2697 xxxv
613 2676 633 2697 1³

359 2719 389 2739 ἕω
411 2718 497 2747 Incipit
519 2719 571 2740 uita
593 2718 657 2741 beati
679 2718 782 2741 maurilii
803 2718 982 2741 ander-uuonan
1003 2718 1113 2748 episcopi
1137 2718 1181 2740 (1¹1³
1330 2717 1362 2742 32
1382 2715 1537 2750 procreatus]
1555 2724 1603 2741 om.
1620 2716 1664 2740 GR
1799 2716 1894 2739 medio-

275 2761 328 2781 inv»
349 2759 368 2781 Ιί
473 2761 503 2781 :itt
523 2759 573 2792 cst]
592 2768 638 2783 om.
656 2760 676 2782 11
782 2761 812 2784 ΞΗ
833 2762 973 2784 arianorum
995 2760 1016 2782 Ι)
1119 2760 1149 2783 37
1172 2761 1288 2784 iuribus?
1311 2762 1331 2782 (ι’

1921 695 1948 713 1⁰

1922 950 1950 969 15

1918 1206 1949 1226 20

1918 1513 1950 1533 25

1917 1924 1947 1944 :⁸0

1916 2231 1947 2250 35
