2038 3036
92 668 118 686 10

92 922 119 941 15

90 1177 120 1196 211

90 1432 103 1451 NA

91 1689 121 1707 30

732 103 823 130 VITA
843 103 956 131 BEATI
976 105 1158 131 MAVRILII.
1713 107 1751 136 §9

139 198 288 238 angustia
318 197 497 230 constitutis
527 201 558 228 et
590 197 629 229 de
653 201 708 228 tua
731 198 950 229 misericordia
973 208 1046 230 vere
1070 198 1299 230 confidentibus
1323 199 1418 230 celeri
1442 198 1560 239 pictate
1584 198 1749 230 succurris.

139 249 273 281 subveni
304 249 377 280 huic
406 248 530 289 captivo
561 258 615 289 pro
639 259 701 288 quo
724 252 755 280 te
779 249 916 290 supplex
940 260 1045 281 exoro.
1098 251 1157 289 (39)
1186 249 1235 280 Ad
1258 250 1340 281 hanc
1363 259 1477 290 nempe
1502 249 1674 280 sacerdotis
1698 259 1753 279 vo-

139 310 206 332 cem
237 303 327 331 tanta
355 299 404 331 vis
428 299 562 330 febrium
588 299 749 330 dominum
772 300 873 340 ipsius
897 300 1046 340 arripuit,
1083 304 1115 331 ut
1138 304 1308 339 antequam
1333 300 1471 341 perituro
1496 300 1657 341 paenitere
1681 310 1753 331 suc-

139 354 286 389 curreret7
316 351 460 392 spiritum
485 350 660 381 exhalaret.
715 351 774 390 (10)
802 351 882 381 Τ11111
907 354 996 381 tanta
1016 350 1183 382 formidine
1201 351 1317 382 caeteri
1334 351 1547 391 percelluntur
1564 355 1750 382 metuentes.

140 412 179 433 ne
203 411 237 433 se
254 411 288 433 se
311 401 400 433 vivos
416 405 501 433 terra
516 401 709 432 absorberet.
738 405 771 432 ut
787 401 953 432 unanimes
970 405 1153 442 expeterent
1170 401 1365 433 sacerdotem
1382 401 1528 433 flebiliter
1544 402 1750 442 postulantes.

139 452 288 492 quatinus
312 456 344 484 01
367 452 427 483 sibi
450 451 684 491 indulgentiam
708 456 739 483 et
762 452 909 483 defuncto
934 453 1000 483 suis
1023 453 1142 484 meritis
1163 453 1345 493 adquireret
1361 453 1470 484 vitam.
1523 454 1579 491 (4ἰῇ
1611 453 1664 483 Vir
1682 463 1754 483 vero

139 504 251 535 beatus
282 503 413 534 nimium
446 506 608 534 metuens.
643 513 683 534 ne
712 503 783 543 ipsc
807 504 930 534 occasio
954 507 985 534 et
1009 513 1106 535 causa
1128 504 1214 534 illius
1239 508 1323 535 esset
1345 504 1544 544 perditionis.
1580 507 1754 544 prostratus

140 558 241 586 terrae
271 554 423 585 inmensis
454 554 635 594 planctibus
665 557 696 585 et
726 554 845 585 crebris
873 554 1066 594 singultibus
1095 555 1221 585 invocat
1244 554 1421 593 Christum7
1456 558 1489 585 ut
1513 554 1661 585 defuncto
1684 554 1756 585 red—

140 605 229 637 deret
252 605 401 644 animam,
429 615 488 636 nec
512 609 607 636 antea
631 605 768 636 surrexit
790 616 809 636 a
833 606 909 643 solo⁷
937 605 1037 637 donec
1061 609 1091 636 et
1107 605 1255 636 defuncto
1272 606 1369 636 vitam
1387 609 1417 636 et
1434 605 1559 646 captivo
1576 605 1757 645 adquireret

140 656 330 688 libertatem.
390 656 451 696 (42)
486 656 714 696 Negociatores
745 656 900 696 denique,
940 660 972 687 ut
1002 656 1061 687 sibi
1091 660 1246 687 retroacta
1276 656 1492 697 praesumptio
1523 656 1750 695 indulgeretur.

140 707 248 738 multis
278 707 418 739 donariis
450 707 553 748 ipsum
585 707 818 738 honoraverunt
842 711 872 738 et
895 708 1007 738 locum.
1057 707 1145 745 Quae
1170 718 1267 748 prope
1291 707 1397 738 omnia
1420 707 1468 736 vir
1491 707 1602 737 beatus
1625 706 1657 737 in
1681 716 1757 737 usus

140 768 316 800 pauperum
341 758 517 799 deputavit.

230 811 289 849 (43)
318 809 473 840 Nimirum
508 813 690 850 praeterea.
726 813 759 840 ut
789 809 991 840 necessitudo
1022 809 1183 849 compellit
1213 809 1367 847 humana.
1403 808 1497 848 Argis
1528 808 1614 839 haud
1638 808 1760 839 modica

141 860 297 892 mercibus
320 860 438 892 referta
461 871 517 901 per
541 860 680 901 Ligerim
703 860 888 891 vehebatur.
931 860 1019 897 Quae
1044 870 1113 891 cum
1137 863 1245 891 contra
1262 859 1436 891 Calonnam
1460 859 1656 897 ascenderet,
1684 860 1759 889 sub-

140 912 184 944 ito
207 912 334 943 turbato
359 922 429 943 cum
454 911 582 943 flamine
607 915 701 953 ponto
725 912 817 942 navis
840 911 871 942 in
892 911 1078 951 vertiginem
1096 911 1264 942 rotabatur.
1294 910 1450 950 frangitur
1465 913 1614 941 antemna
1631 914 1661 941 et
1677 920 1759 940 nunc

141 973 236 1004 prora
271 962 446 1003 subrigitur
480 963 608 994 elevata
641 963 674 994 in
704 962 832 1000 fluctus,
870 972 952 993 nune
982 962 1099 1003 puppis
1129 962 1314 1003 deprimitur
1341 962 1423 992 inter
1453 961 1610 992 undarum
1641 961 1756 992 hiatus.

146 1016 205 1054 (44)
234 1014 318 1045 Victi
341 1018 448 1045 autem
472 1017 589 1046 nautae
612 1017 783 1053 tantaeque
807 1013 1005 1054 tempestatis
1029 1013 1138 1045 timore
1163 1013 1336 1054 perterriti.
1372 1013 1410 1044 de
1434 1013 1593 1053 praesenti
1617 1012 1678 1043 iam
1704 1012 1759 1043 de-

142 1069 307 1107 sperantes
339 1065 460 1103 501010,
497 1066 586 1097 obliti
617 1065 720 1096 omnia
752 1065 843 1095 navis
874 1068 1070 1095 armamenta
1093 1065 1235 1095 iecerunt
1259 1065 1360 1095 solum
1383 1068 1504 1095 tantum
1530 1064 1760 1105 praestolantes

140 1116 319 1148 interitum.
359 1127 429 1147 cum
463 1121 593 1157 repente
622 1116 775 1147 inmensis
807 1116 943 1146 clamare
974 1116 1104 1146 vocibus
1129 1120 1297 1156 coeperunt
1321 1116 1479 1146 dicentes:
1514 1115 1679 1146 Miserere.
1713 1114 1761 1144 vir

142 1167 260 1199 Christi
284 1167 422 1205 Maurili.
451 1171 556 1199 nostro
581 1177 726 1198 succurre
750 1166 935 1207 naufragio!
970 1167 1064 1198 Potes
1089 1167 1172 1198 enim
1198 1167 1255 1197 hoc
1279 1167 1419 1198 obtinere
1443 1176 1512 1197 cum
1537 1166 1677 1203 Christo.
1707 1165 1760 1204 qui

142 1222 214 1260 post
238 1219 332 1250 funus
357 1219 455 1249 vitam
479 1218 649 1258 adquisisti
673 1218 832 1249 defuncto.
895 1220 954 1257 (45)
983 1218 1034 1248 Ad
1063 1228 1196 1257 quorum
1228 1227 1321 1248 voces
1352 1227 1527 1257 exsurgens
1557 1217 1596 1247 ab
1620 1216 1760 1247 oratione

141 1270 308 1301 Maur-ilius
338 1269 454 1301 festine
485 1269 621 1301 cucurrit
650 1269 692 1300 ad
719 1269 793 1300 litus
825 1273 855 1300 et
885 1269 1009 1300 elevato
1040 1269 1073 1299 in
1095 1268 1265 1299 adversum
1290 1268 1391 1299 crucis
1416 1268 1506 1308 signo
1530 1267 1666 1307 imperat
1689 1277 1760 1307 pro—

142 1321 243 1352 cellae
274 1331 313 1352 ne
346 1321 493 1352 saeviret.
543 1320 669 1352 Cedunt
700 1330 771 1351 mox
804 1320 948 1361 deposito
978 1320 1081 1360 rigore
1105 1320 1292 1360 spiramina.
1325 1322 1538 1350 tumescentes
1562 1318 1667 1348 undae
1690 1327 1761 1348 ver-

140 1376 248 1404 tuntur
281 1372 313 1403 in
348 1382 486 1411 aequora
522 1372 786 1411 subsequiturque
819 1381 931 1402 serena
962 1371 1185 1411 tranquillitas.
1246 1372 1306 1410 (46)
1334 1370 1445 1401 Illaesi
1476 1380 1550 1409 ergo
1581 1371 1697 1399 nautae
1727 1372 1761 1399 ut

109 1439 120 1451 ·›
142 1427 314 1464 coeperant
342 1423 505 1463 navigium
537 1423 746 1463 expleverunt
775 1426 805 1454 et
836 1423 877 1453 ad
909 1426 1049 1463 optatum
1074 1426 1195 1462 portum
1219 1421 1392 1453 sacerdotis
1415 1420 1515 1451 adiuti
1539 1420 1690 1459 suffragio
1714 1419 1762 1450 fe-

141 1474 243 1505 liciter
265 1477 491 1515 pervenerunt.

233 1526 290 1566 (47)
320 1525 397 1556 Erat
420 1525 503 1556 enim
527 1525 685 1556 familiare
711 1525 803 1556 beato
827 1524 903 1563 viro,
932 1528 965 1555 ut
989 1534 1070 1555 nunc
1094 1524 1248 1555 ecclesias
1272 1533 1354 1555 111100
1377 1523 1516 1553 infirmos
1541 1521 1761 1562 evangelicum

142 1586 268 1618 semper
298 1576 429 1617 cupiens
461 1576 593 1616 implere
624 1579 826 1616 praeceptum
858 1575 1009 1615 verbique
1037 1575 1089 1606 dei
1113 1574 1319 1605 fidelissimus
1343 1575 1543 1615 dispensator
1568 1573 1678 1604 sedule
1703 1572 1762 1603 eir-

142 1628 284 1660 cumiret.
332 1628 371 1658 Et
404 1637 443 1658 ne
479 1627 561 1658 ultra
597 1627 725 1658 modum
757 1627 910 1666 fatigatus
942 1636 1072 1667 corpore
1103 1625 1291 1663 defecisset7
1332 1625 1470 1656 habebat
1499 1624 1629 1655 humilis
1660 1633 1765 1654 sessor

142 1679 293 1718 asellum⁷
328 1688 388 1718 quo
417 1678 546 1718 saepius
576 1678 734 1709 utebatur.
787 1678 846 1718 (48)
876 1677 977 1715 Quem
1007 1677 1170 1708 nocturnis
1201 1677 1280 1708 latro
1312 1675 1506 1716 temporibus
1530 1674 1764 1716 apprehensum

143 1730 241 1761 furari
264 1740 326 1761 non
349 1729 469 1765 metuit,
499 1729 555 1760 sed
579 1728 690 1760 infelix
715 1729 789 1760 dum
814 1728 935 1760 furatur
957 1728 1093 1760 asellum
1118 1727 1268 1769 arripitur
1291 1738 1310 1758 a
1334 1726 1499 1758 daemonio
1523 1730 1554 1757 ct
1570 1726 1615 1757 sic
1631 1725 1762 1756 demens

143 1792 201 1822 per
231 1784 327 1812 totam
358 1784 481 1811 noctem
513 1780 724 1820 vagabundus
756 1780 912 1810 illuditur.
960 1779 1054 1810 Mane
1085 1782 1191 1810 autem
1222 1778 1346 1809 reddito
1377 1781 1449 1808 ante
1481 1777 1565 1808 fores
1596 1776 1680 1807 beati
1703 1776 1761 1806 viri

142 1832 233 1863 affuit
264 1831 408 1863 exsensis
432 1831 502 1872 ipse
526 1831 644 1871 pariter
668 1840 738 1861 cum
763 1831 876 1861 asello.
930 1831 987 1869 1149)
1018 1830 1145 1861 Crimen
1169 1828 1251 1869 quod
1275 1829 1474 1860 commiserat
1497 1828 1594 1859 invito
1619 1827 1762 1867 primitus

144 1988 219 2011 Serve
238 1987 294 2016 dei,
322 1993 436 2010 succurre
456 1987 560 2015 captivo.
600 1986 657 2008 Ilico
678 1988 747 2008 tanta
766 1986 841 2008 febris
860 1986 987 2008 dominum
1007 1992 1085 2007 unum
1105 1985 1147 2013 qui
1168 1988 1219 2006 erat
1239 1984 1327 2007 ceteris
1347 1984 1496 2012 pertinacior
1515 1983 1635 2007 accinxit,
1663 1984 1691 2004 ut
1711 1982 1762 2010 spi-

143 2031 219 2053 ritum
238 2036 313 2059 prope
332 2029 455 2052 redderet.
496 2028 543 2051 Sed
563 2031 591 2051 ut
609 2032 661 2051 erat
680 2029 767 2051 beatus
788 2028 918 2051 Maurilius
938 2028 1089 2056 misericorS,
1118 2028 1244 2050 dominum
1264 2029 1377 2056 precatur
1396 2033 1439 2056 pro
1458 2026 1547 2054 impio,
1569 2025 1665 2047 reddita
1685 2027 1721 2047 est
1740 2025 1762 2046 ei

144 2073 237 2095 sanitas
256 2075 282 2095 et
300 2072 414 2101 captivus
435 2072 551 2094 vontinuo
570 2072 694 2094 relaxatur
714 2079 727 2094 a
746 2071 855 2099 servitio,
877 2071 938 2093 liber
958 2071 1039 2094 factus
1059 2077 1089 2092 ex
1109 2070 1239 2098 mancipio.

233 2114 330 2138 13-26
352 2113 520 2143 magnobodus
539 2121 558 2137 c.
581 2115 612 2136 9:
639 2113 763 2141 Quomodo
782 2113 880 2136 Christo
908 2114 1032 2143 proposito
1052 2119 1127 2135 naves
1146 2113 1301 2142 necessariae
1320 2112 1435 2134 humanis
1454 2111 1540 2133 usibus
1559 2111 1655 2139 negotia
1675 2110 1762 2139 depor-

143 2161 225 2181 tantes
250 2158 288 2180 die
313 2160 439 2186 noctuque
466 2164 509 2187 per
530 2157 639 2185 Ligerim
659 2156 850 2179 discurrentiam
870 2156 975 2185 habent.
1002 2155 1134 2184 aliquando
1154 2155 1272 2184 quaedam
1291 2161 1375 2176 earum
1393 2154 1478 2182 grandi
1497 2153 1614 2175 mercium
1633 2159 1705 2175 onere
1724 2158 1763 2174 re-

144 2202 222 2224 fertae
247 2201 330 2223 subita
355 2200 541 2230 perturbatione
567 2200 642 2222 nante
665 2202 747 2222 austro
774 2202 909 2228 coeperunt
934 2199 1011 2227 mergi
1039 2199 1084 2220 sub
1104 2199 1157 2227 ipso
1176 2198 1219 2220 ubi
1239 2199 1340 2219 sanctus
1358 2196 1484 2219 habitabat
1503 2196 1628 2218 coenobio.
1667 2194 1763 2217 Clama-

145 2245 234 2266 verunt
258 2244 345 2272 itaque
369 2243 522 2265 unanimiter
545 2244 635 2265 nautae
661 2242 746 2264 mortis
772 2244 840 2264 metu
863 2244 887 2263 et
912 2241 1015 2264 tristitia
1039 2240 1154 2263 confecti.
1194 2240 1263 2262 Tunc
1287 2240 1374 2261 beatus
1395 2238 1524 2261 Maurilius
1543 2238 1570 2260 ad
1590 2244 1674 2260 eorum
1694 2242 1763 2259 voces

144 2288 278 2309 commotus
302 2286 394 2315 primo.
423 2285 465 2308 sed
490 2291 545 2307 mox
570 2284 710 2314 intrepidus
734 2291 778 2313 per
797 2284 854 2306 fidei
874 2284 1036 2306 constantiam
1057 2283 1151 2312 factus,
1180 2285 1264 2305 contra
1282 2284 1455 2311 tempestatem
1475 2281 1613 2303 salvaturus
1632 2279 1763 2307 naufragos

144 2329 279 2357 egreditur.
318 2328 426 2357 Moxque
451 2331 479 2350 ut
504 2328 582 2351 oravit
600 2328 675 2349 deum
695 2327 896 2356 periclitantibus
915 2326 1083 2355 tranquillitas
1103 2325 1185 2348 subito
1205 2325 1288 2347 divina
1309 2325 1400 2347 virtute
1420 2324 1483 2346 facta
1502 2325 1583 2345 est-et
1602 2322 1681 2344 illaesi
1701 2328 1763 2344 nau-

144 2374 184 2394 tae
203 2371 251 2393 iter
270 2370 333 2399 quod
353 2373 485 2400 coeperant
503 2372 677 2400 perrexerunt.

232 2412 263 2436 29
282 2426 315 2429 -
332 2420 356 2441 p.
380 2412 420 2442 90,
443 2414 460 2435 l.
483 2412 496 2435 5
518 2412 686 2441 Maqnobodus
705 2420 725 2435 c.
750 2414 794 2434 10:
821 2411 883 2434 Cum
908 2418 950 2441 pro
975 2411 1085 2433 subsidio
1108 2410 1230 2433 humanae
1256 2410 1410 2432 infirmitatis
1435 2410 1471 2431 vir
1497 2408 1536 2430 dei
1561 2407 1664 2430 asellum
1688 2406 1763 2429 habe-

145 2460 195 2485 ret,
225 2463 298 2485 quem
324 2455 409 2478 sedere
429 2456 483 2485 ipse
502 2455 603 2478 humilis
624 2461 702 2477 sessor
721 2456 895 2482 consueverat,
924 2460 1026 2483 vespere
1046 2453 1148 2482 quodam
1168 2453 1211 2475 ubi
1231 2452 1297 2475 diem
1316 2458 1364 2474 nox
1384 2452 1472 2474 clausit
1492 2451 1577 2472 furtim
1597 2450 1619 2472 ei
1639 2450 1668 2472 ab
1686 2450 1763 2479 impio

145 2498 268 2528 praedone
293 2498 389 2520 ablatus
416 2501 462 2521 est.
503 2497 549 2520 Sed
576 2497 637 2527 quid
663 2498 757 2520 infelici
784 2497 888 2524 contigit
913 2497 955 2526 qui
974 2496 1018 2518 hoc
1037 2502 1113 2518 ausus
1133 2496 1181 2517 suit
1201 2495 1356 2523 sacrilegium
1376 2494 1534 2524 perpatrare'?
1572 2492 1706 2515 Daemonio
1724 2499 1762 2514 ar-

147 2544 231 2570 reptus
250 2547 294 2570 per
313 2544 389 2563 totam
409 2542 504 2563 noctem
525 2541 608 2570 sugam
628 2541 738 2563 celerans
759 2542 783 2562 et
802 2539 863 2561 nihil
883 2541 966 2561 tamen
984 2544 1129 2568 promovens
1144 2538 1261 2560 frustrato
1275 2537 1356 2559 labore
1370 2535 1529 2565 vagabundus
1543 2535 1661 2557 eluditur.
1696 2535 1762 2557 Luce

145 2590 203 2606 vero
221 2584 301 2613 prima
319 2586 404 2605 sancto
425 2583 476 2605 viro
495 2583 594 2605 asinum
614 2590 687 2605 snum
708 2583 794 2604 divina
813 2585 910 2604 coactus
931 2582 1022 2604 virtute
1043 2584 1219 2610 repraesentat.
1241 2586 1315 2609 quem
1335 2582 1362 2601 ut
1381 2581 1480 2601 sanctus
1499 2578 1538 2600 dei
1558 2578 1697 2606 conspexit.
1720 2584 1762 2599 ve-

236 2727 264 2751 13
284 2725 361 2759 argis]
379 2735 401 2750 υ.
425 2727 466 2749 Du
489 2727 567 2756 Cunye
585 2726 623 2750 ed.
646 2727 722 2749 Fame
744 2727 763 2755 I⁷
783 2728 874 2756 113182
979 2725 1008 2748 27
1031 2723 1108 2756 0111111]
1128 2728 1209 2747 autem
1231 2723 1250 2745 P

225 2777 351 2797 VENANTI'JS
367 2777 518 2796 FORTVNATVS.
1529 2773 1556 2796 12

1786 1520 1832 1550 XI
