2038 3036
626 123 718 148 VITA
738 124 764 150 S,
788 124 945 150 MARTINI
966 125 1034 150 Llss.
1058 126 1078 150 ΙΔ
1594 128 1653 156 297

291 228 319 245 50
460 216 522 253 Qui
546 226 624 256 puer
647 216 678 246 in
702 217 819 248 teneris
842 217 894 248 vix
919 218 1165 259 pubescentibus
1188 219 1281 249 annis

375 267 493 307 frigore
517 267 574 297 sub
598 267 704 307 gelido
729 271 828 299 terras
852 269 1011 310 crispante
1035 270 1163 310 pruina,

375 329 444 349 cum
469 317 572 348 undas
596 318 694 349 tristis
718 319 819 350 hiems
844 320 931 351 freno
955 321 1093 361 glaciale
1117 322 1249 361 ligasset

375 373 406 400 et
429 379 513 408 vaga
536 369 666 399 libertas
689 368 856 401 fluviorum
880 371 1003 402 inclusa
1026 372 1139 403 lateret

375 421 536 461 asperiore
560 420 654 459 gem,
682 420 721 451 de
746 430 779 451 se
804 421 861 452 sibi
887 422 1014 453 vincula
1037 427 1184 462 nectcns,

377 472 448 512 plus
471 481 554 511 aqua
577 471 740 511 frigidior,
767 472 874 503 tunica
897 473 1013 504 vestita
1036 474 1166 513 rigoris:

377 523 551 554 occurrenti
575 522 671 562 igitur
694 526 803 563 portae
827 524 1051 555 Ambianensis
1076 535 1193 565 egeno.

378 574 431 614 (1111
456 574 516 605 sibi
540 574 714 610 restiterat,
742 574 921 614 chlamydis
945 576 1078 616 partitur
1101 577 1248 607 amictum

378 629 409 656 et
432 625 574 656 fervente
598 625 660 656 tide
684 625 834 656 membris
857 626 1038 665 algentibus
1062 628 1163 658 offert.

378 676 505 716 frigoris
529 676 589 707 iste
613 676 698 716 capit
721 679 861 716 partem,
890 677 976 717 capit
999 678 1054 709 ille
1078 679 1212 719 teporis.

294 738 323 755 uo
378 728 459 758 iuter
483 730 631 767 utrosque
654 727 764 767 inopes
789 728 923 767 partitur
946 728 1050 759 fervor
1073 732 1104 760 et
1126 730 1216 769 algor

379 782 410 810 et
432 788 514 809 nova
537 778 697 809 mercandi
722 778 757 809 fit
780 779 923 810 nundina
947 779 1047 819 frigus
1071 783 1102 811 et
1124 784 1250 812 aestus.

379 840 505 870 unaque
528 833 700 870 paupertas
724 830 801 860 satis
825 834 873 861 est
896 830 999 861 dixisa
1023 831 1157 862 duobus.

379 882 439 912 hac
463 890 496 912 se
519 884 608 912 veste
633 884 739 912 tamen
764 884 881 912 tectum
905 882 1019 913 obtulit
1041 882 1109 923 ipse
1134 886 1255 914 creator

380 932 570 972 Martiniquc
595 932 739 972 chlamys
763 932 842 963 texit
864 933 1023 964 velamine
1047 933 1219 965 Christum.

297 995 326 1012 ut,
381 984 470 1014 nulla
493 984 708 1023 Augustorum
731 983 846 1014 meruit
869 983 953 1014 hunc
976 984 1074 1015 vestis
1097 985 1267 1016 honorem:

382 1034 491 1065 militis
515 1035 591 1065 alba
615 1034 759 1075 chlamys
783 1035 855 1075 plus
880 1038 927 1065 est
950 1045 1044 1074 quam
1069 1046 1208 1076 purpura
1232 1037 1327 1076 regis.

382 1085 484 1127 prima
506 1086 587 1116 haec
610 1085 761 1116 virtutum
786 1085 846 1116 fuit
868 1096 940 1116 arra
963 1090 994 1117 et
1017 1087 1134 1127 pignus
1158 1088 1286 1119 amoris.

469 1138 544 1168 Post
567 1137 636 1168 fera
659 1137 822 1168 barbaries
846 1141 970 1177 peteret
993 1148 1062 1169 cum
1087 1138 1214 1170 Gallica
1236 1139 1375 1170 claustra

383 1199 421 1220 ac
444 1199 541 1229 prope
565 1188 765 1229 Vangionum
790 1192 947 1229 premeret
969 1189 1039 1220 loca
1062 1189 1204 1221 fervidus
1229 1190 1345 1222 hostis.

301 1251 329 1269 τι,
384 1240 516 1272 militiae
541 1243 667 1271 sanctus
692 1244 805 1271 cuncta
829 1240 1042 1272 emolumenta
1065 1245 1201 1272 recusat.

385 1292 458 1323 hinc
481 1291 542 1323 sibi
566 1291 743 1323 Caesareas
766 1291 894 1322 fremuit
917 1291 1059 1323 Iulianus
1082 1292 1113 1323 in
1136 1292 1218 1323 iras:

385 1342 520 1383 imperat
544 1346 577 1373 ut
600 1343 744 1374 clausum
767 1346 875 1373 teneat
898 1343 1043 1374 custodia
1066 1343 1183 1374 iustum

387 1404 424 1424 ac
448 1394 596 1425 veniente
621 1394 672 1424 (110
696 1394 816 1434 primus
840 1397 1026 1435 properaret
1048 1394 1081 1425 in
1104 1405 1235 1435 aguiem

387 1455 448 1484 quo
472 1448 578 1476 tamen
602 1448 676 1476 aute
700 1444 800 1476 aciem
825 1455 915 1476 sacer
937 1445 982 1476 ire
1006 1445 1123 1477 fatetur
1145 1446 1284 1477 inermis.

124 1545 148 1571 3,
173 1545 182 1565 1
211 1542 320 1570 Quodam
339 1543 421 1571 itaque
441 1544 565 1570 tempore,
587 1547 643 1563 cum
662 1541 711 1562 iam
731 1541 796 1563 nihil
815 1544 912 1570 praeter
930 1548 997 1563 arma
1016 1545 1041 1563 et
1060 1543 1200 1571 simplicem
1220 1543 1323 1565 militiae
1342 1546 1435 1566 vestem
1455 1544 1570 1572 haberet,
1592 1544 1671 1567 media

57 1587 150 1615 hieme,
180 1593 242 1615 quae
261 1586 335 1608 solito
354 1585 463 1614 asperior
482 1583 652 1609 inhorruerat,
679 1584 738 1605 adeo
757 1585 785 1605 ut
804 1583 935 1613 plerosque
955 1584 991 1606 vis
1011 1584 1098 1612 algoris
1117 1586 1288 1613 extingueret,
1317 1586 1415 1608 obvium
1435 1586 1509 1609 habet
1531 1588 1564 1609 in
1584 1590 1675 1616 porta

57 1629 320 1652 Ambianensium
340 1628 494 1650 civitatis
514 1633 647 1655 pauperem
667 1626 776 1648 nudum:
800 1627 842 1655 qui
863 1633 918 1648 cnm
937 1630 1125 1655 praetereuntes
1144 1630 1172 1649 ut
1191 1628 1230 1650 sui
1250 1629 1425 1651 misererentur
1444 1632 1523 1651 oraret
1541 1637 1674 1659 omnesque

58 1672 172 1694 miserum
192 1671 371 1700 praeterirent,
396 1670 523 1693 intellexit
546 1670 584 1691 vir
609 1669 653 1691 deo
678 1669 767 1698 plenus
790 1669 836 1691 sibi
856 1669 942 1694 illurn,
971 1670 1026 1692 aliis
1046 1670 1236 1692 misericordiam
1255 1677 1304 1693 non
1325 1673 1519 1701 praestantibus,
1546 1673 1672 1695 reservari⁴

62 1715 92 1744 (2)
115 1714 175 1744 quid
188 1716 271 1736 tamen
284 1715 380 1742 ageret?
400 1713 462 1736 nihil
482 1715 578 1742 praeter
596 1712 762 1740 chlamydem,
784 1719 832 1741 qua
852 1713 955 1735 indutus
975 1716 1036 1741 erat,
1057 1713 1176 1736 habebat:
1198 1714 1246 1736 iam
1267 1715 1332 1736 enim
1353 1715 1446 1744 reliqua
1465 1716 1491 1737 111
1510 1722 1572 1744 opus
1591 1716 1676 1737 simile

60 1759 253 1786 consumpserat.
286 1759 381 1785 arrepto
394 1757 478 1785 itaque
492 1756 563 1784 ferro,
585 1762 632 1784 quo
649 1756 773 1777 accinctus
793 1758 853 1783 erat,
875 1755 979 1778 mediam
998 1756 1087 1778 dividit
1105 1759 1251 1785 partemque
1270 1757 1324 1779 eius
1344 1758 1446 1787 pauperi
1465 1758 1560 1786 tribuit,
1583 1758 1677 1787 reliqua

60 1807 143 1823 rursus
162 1800 285 1822 induitur.
324 1800 420 1822 interea
439 1799 469 1821 de
489 1799 708 1821 circumstantibus
728 1798 807 1821 ridere
826 1799 956 1827 nonnulli,
985 1800 1043 1827 quia
1067 1799 1184 1822 deformis
1206 1806 1260 1822 esse
1279 1802 1408 1823 truncatus
1427 1801 1514 1823 habitu
1534 1801 1673 1823 videretur:

60 1843 131 1865 multi
151 1846 248 1872 tamen,
269 1843 359 1872 quibus
378 1844 428 1864 erat
447 1848 518 1863 mens
538 1842 631 1870 sanior,
654 1841 729 1863 altius
748 1848 858 1869 gemere,
882 1841 944 1870 quod
965 1842 1028 1864 nihil
1047 1842 1127 1864 simile
1147 1843 1279 1870 fecissent,
1301 1849 1356 1864 cum
1376 1843 1463 1872 utique
1482 1844 1538 1871 plus
1558 1843 1676 1865 habentes

60 1886 150 1908 vestire
169 1892 300 1915 pauperem
320 1885 374 1907 sine
393 1892 438 1907 sua
457 1884 571 1906 nuditate
591 1885 741 1913 potuissent.
780 1887 850 1906 nocte
870 1885 946 1912 igitur
966 1885 1086 1913 insecuta,
1109 1892 1164 1907 cum
1185 1892 1210 1907 se
1230 1886 1309 1914 sopori
1329 1886 1447 1915 dedisset,
1468 1886 1533 1908 vidit
1552 1886 1677 1908 Christum

61 1928 194 1956 chlamydis
220 1935 291 1957 suae,
320 1934 368 1957 qua
391 1934 525 1956 pauperem
550 1929 660 1955 texerat,
688 1929 757 1955 parte
780 1927 907 1949 vestitum.
947 1927 1039 1949 intueri
1059 1928 1252 1956 diligentissime
1273 1928 1400 1950 dominum
1420 1931 1579 1958 vestemque,
1605 1936 1677 1958 quam

63 1970 170 2000 dederat,
193 1971 295 1993 iubetur
313 1976 445 1999 agnoscere
464 1976 483 1992 e.
506 1977 527 1998 q.
550 1977 569 1992 s,

129 2016 153 2041 4,
176 2015 186 2035 1
210 2014 309 2036 Interea
327 2013 487 2035 inruentibus
507 2012 571 2034 intra
590 2012 681 2034 Gallias
700 2012 810 2034 barbaris
830 2012 944 2034 Iulianus
964 2012 1053 2035 Cacsar
1072 2015 1153 2035 coacto
1172 2014 1197 2035 in
1217 2020 1295 2035 unum
1315 2015 1426 2036 exercitu
1447 2014 1511 2043 apud
1524 2014 1678 2043 Vangionum

62 2056 187 2078 civitatem
207 2056 351 2078 donativum
370 2056 451 2084 coepit
470 2062 567 2084 erogare
587 2055 717 2081 militibuS,
739 2058 772 2083 et,
794 2058 821 2077 ut
841 2058 879 2077 est
898 2055 1096 2083 consuetudinis,
1118 2056 1208 2084 singuli
1228 2057 1374 2082 citabantur,
1401 2058 1476 2079 donec
1495 2058 1523 2079 ad
1543 2057 1679 2079 Martinum

63 2100 164 2121 ventum
183 2101 230 2121 est.
270 2099 303 2127 (⁸2)
325 2101 378 2120 tum
398 2104 454 2120 vero
473 2100 622 2127 oportunum
642 2100 740 2126 tempus
760 2098 923 2126 existimans,
950 2105 998 2127 quo
1022 2100 1118 2127 peteret
1144 2099 1285 2121 missionem
1304 2113 1337 2115 —
1357 2106 1437 2128 neque
1462 2100 1529 2122 enim
1556 2101 1679 2126 integrum

64 2141 109 2163 sibi
128 2141 177 2163 fore
197 2142 372 2170 arbitrabatur,
394 2141 417 2163 si
436 2141 579 2163 donativum
599 2147 648 2163 nou
668 2141 821 2163 militaturus
841 2141 961 2169 acciperet
979 2154 1026 2168 —,
1052 2141 1082 2170 (3)
1105 2140 1234 2170 hactenus,
1256 2142 1339 2171 inquit
1358 2142 1388 2164 ad
1408 2142 1551 2171 Caesarem,
1573 2143 1679 2164 militavi

63 2184 124 2206 tibi:
145 2187 229 2213 patere
249 2187 276 2206 ut
296 2191 361 2206 nunc
380 2184 484 2206 militem
504 2183 563 2206 deo:
586 2183 728 2205 donativum
750 2186 820 2205 tuum
841 2187 994 2212 pugnaturus
1013 2184 1125 2212 accipiat,
1148 2183 1239 2206 Christi
1259 2191 1301 2213 ego
1321 2185 1390 2207 miles
1408 2192 1475 2206 sum:
1498 2192 1606 2214 pugnare
1620 2185 1680 2206 mihi

65 2227 195 2249 nonlicet.
236 2228 267 2256 (4)
292 2229 345 2249 tum
364 2233 421 2248 vero
441 2226 558 2248 adversus
578 2227 640 2248 han«-
661 2232 742 2248 vocem
763 2228 882 2253 tyrannus
903 2227 1031 2248 infremuit
1058 2226 1157 2254 dicens,
1183 2233 1239 2248 eum
1266 2229 1333 2248 metu
1358 2234 1469 2256 pugnae,
1497 2235 1559 2256 quae
1584 2230 1680 2256 postero

66 2269 105 2291 die
124 2272 175 2291 erat
193 2270 290 2298 sutura,
317 2276 365 2292 non
385 2269 512 2297 religionis
531 2270 608 2298 gratia
628 2269 763 2292 detractare
784 2270 908 2291 militiam.
951 2270 981 2297 151
1005 2272 1028 2291 at
1048 2269 1171 2291 Martinus
1193 2269 1344 2299 intrepidus,
1373 2271 1446 2292 immo
1471 2271 1547 2292 inlato
1566 2270 1613 2292 sibi
1633 2272 1682 2291 ter-

135 2416 165 2439 50
185 2422 205 2438 11
225 2415 275 2438 NM
391 2417 463 2439 inser.
485 2422 580 2438 CLAMIs
600 2422 687 2438 0111511
709 2416 731 2438 Ν
847 2416 957 2437 tenebris
978 2415 999 2437 N
1113 2416 1303 2445 pubiscentibus
1324 2415 1395 2437 PNM
1510 2414 1540 2437 52
1560 2422 1607 2437 cun
1628 2414 1648 2436 A*

67 2458 160 2487 hiemps
174 2458 237 2481 PNS
333 2459 364 2481 55
385 2457 452 2490 plus]
465 2458 525 2486 fort.
540 2460 593 2488 ipsa
681 2459 761 2481 tonica
777 2457 835 2480 ΝΡ2
931 2458 963 2480 56
982 2459 1118 2480 occurrenti
1135 2456 1199 2488 PM]
1218 2460 1359 2480 occurrente
1373 2458 1424 2480 rell.
1515 2457 1681 2479 ambianensis

69 2499 217 2533 PTFN2L‘2]
236 2502 406 2524 ambienensis
426 2500 536 2530 BL1MS,
558 2502 710 2523 ambinensis
731 2500 763 2524 Nl
904 2500 933 2523 57
955 2501 992 2523 sih
1012 2502 1137 2523 restiterat
1158 2501 1188 2529 N,
1209 2501 1255 2523 sibi
1276 2501 1418 2529 prestiterat
1439 2500 1485 2523 Rs,
1508 2500 1555 2521 sibi
1576 2500 1680 2528 praesti-

68 2546 131 2567 terat
150 2544 180 2566 L¹
295 2542 441 2575 chlamydis]
460 2544 577 2572 clarnydis
599 2543 655 2572 ΝΜ,
678 2544 790 2566 clamidis
808 2544 860 2565 rell.
977 2544 1097 2573 partictur
1115 2546 1142 2565 ut
1161 2543 1210 2566 1πὶ11.
1235 2543 1275 2571 Νἱ,
1296 2544 1372 2573 partis
1394 2542 1423 2564 ΡΙ
1538 2542 1569 2565 110
1589 2544 1614 2564 in
1632 2550 1681 2570 my.

68 2593 101 2609 Lx
120 2587 141 2609 P
262 2586 291 2610 fil
313 2587 406 2610 nudina
426 2586 456 2609 Pl
580 2586 611 2609 63
631 2587 730 2609 obtullit
751 2586 779 2608 Pl
912 2586 942 2608 (34
964 2584 1082 2617 chlamys]
1101 2587 1192 2614 clamys
1213 2586 1242 2615 Ν,
1265 2587 1348 2608 clamis
1367 2586 1420 2608 rell.
1544 2585 1576 2608 65
1596 2585 1684 2607 honore

72 2628 162 2651 PTMS
264 2629 296 2653 66
316 2628 435 2661 chlamys]
454 2630 538 2652 clamis
557 2629 625 2652 codd.
739 2629 769 2652 (Π
791 2636 842 2651 arra
861 2630 894 2651 sic
913 2628 982 2652 codd.
1089 2629 1120 2651 os
1141 2636 1172 2651 111
1194 2628 1251 2656 ΝΜ,
1273 2636 1291 2651 11
1315 2629 1342 2657 T,
1364 2629 1411 2651 litt.
1433 2629 1486 2651 init.
1511 2628 1529 2650 1,
1547 2630 1575 2650 ui
1593 2628 1649 2650 solet

71 2679 103 2695 111-1
116 2679 230 2695 CLAMIDE
244 2680 334 2696 invisa
348 2680 380 2695 ET
394 2679 511 2695 nummus„
525 2679 632 2694 VESTITO
647 2673 674 2702 F,
698 2679 808 2694 mumius
823 2679 849 2693 IN
865 2678 964 2693 nos-ixii:
982 2671 1002 2693 λ’
1072 2673 1201 2694 barbarees
1216 2671 1254 2697 1³¹,
1278 2672 1399 2694 harbareis
1414 2670 1450 2692 P'J
1555 2671 1586 2693 uu
1606 2678 1684 2693 uuan-

71 2716 171 2738 nionum
192 2716 212 2738 F
312 2715 341 2739 71
364 2716 421 2738 hinc
440 2713 499 2746 sibi]
519 2715 584 2737 hunc
604 2716 649 2737 sibi
672 2715 699 2743 P,
720 2715 778 2743 fort.
800 2715 858 2737 hine
879 2716 917 2736 ubi
1024 2715 1141 2736 causarios
1157 2714 1223 2737 ⁷7³¹.
1245 2715 1362 2736 vans-arias
1379 2713 1409 2735 Ι”1
1424 2722 1483 2736 eurr.
1593 2714 1622 2736 715
1642 2721 1686 2740 ag-

73 2756 138 2790 men]
156 2759 250 2781 hostem
270 2758 296 2780 Sl
312 2766 371 2781 corr.
389 2758 415 2778 S'
523 2757 554 2780 74
575 2759 680 2780 inermes
703 2757 817 2779 ΡΝΜΤ2

147 2807 271 2827 vammum»
287 2808 430 2826 imavi-marri*

1449 2810 1461 2830 :5
1466 2810 1479 2831 ὃ
