2038 3036
807 94 1029 122 PROOEMIVM.
1617 101 1728 131 XXIII

156 208 296 246 qiaitinus
325 216 359 235 ea
387 206 451 234 sine
478 206 573 235 taedio
598 206 705 234 audire
730 210 754 235 el
780 211 872 236 mente
897 208 1056 236 recondere
1079 212 1165 247 atque
1186 219 1242 247 per
1266 220 1299 238 ea
1324 211 1363 239 (al
1387 220 1516 240 anwrem
1542 216 1566 241 et
1589 213 1726 242 honorem

156 262 243 298 alque
266 258 447 287 devotionem
471 257 519 286 clei
541 260 567 286 et
591 258 684 295 ipsius
705 259 883 296 protectoris
907 259 956 288 sui
979 259 1055 288 idem
1076 261 1206 299 populus
1230 262 1364 290 earcilari
1388 262 1509 292 valeret.
1552 265 1636 300 Quod
1656 269 1681 294 et
1699 267 1728 294 in

155 309 255 338 eadem
281 309 452 347 eaecepli'one
476 309 567 338 lector
589 312 682 347 polest
706 309 874 346 advertere,
905 310 955 339 ubi
976 313 1119 350 scriptum
1144 316 1204 342 est:
1233 314 1429 344 ‘Studeamus
1443 325 1544 354 pauca
1561 316 1726 353 (lissercre;

152 361 289 400 plurima
310 359 491 399 praeterire⁷
522 358 613 398 (infra
627 369 657 399 p.
679 361 730 399 65,
753 362 791 398 S).
834 362 869 390 Et
893 370 956 390 cum
983 363 1050 400 ipsa
1074 365 1207 402 inceptio
1231 367 1323 403 coepit
1347 366 1467 395 lectione
1492 367 1519 395 iu
1542 368 1648 405 populo
1662 369 1729 406 fre-

155 412 296 450 quenlari
317 415 344 440 et
365 421 384 440 a
408 411 508 440 mullis
529 415 655 449 propter
678 410 832 441 brevitatis
856 422 929 441 suae
950 413 1124 451 facilitatem
1151 416 1340 451 iniussi-ribi,
1368 418 1430 456 ipse
1455 428 1581 458 mafflzus
1598 419 1693 448 coilcoc
1709 431 1728 449 a

156 462 372 502 neqleyentibas
394 462 595 501 neylc’yentius
616 463 710 501 coepit
732 462 838 491 haberi
854 472 945 502 usque
961 464 1029 493 (luni
1049 469 1176 504 (empore
1192 467 1282 495 KarH
1292 469 1452 506 principis,
1473 470 1590 508 qiaiiulo
1604 475 1729 509 propter

154 513 335 543 (liscordiwn
358 517 383 542 et
404 514 615 543 contentionem
632 513 666 542 (le
680 514 858 552 principiali
877 515 954 543 inter
971 525 1036 544 eum.
1053 519 1080 545 et
1095 517 1331 556 Rayamfretluin
1348 522 1373 548 et
1386 519 1559 558 frequentia
1576 531 1612 550 ac
1628 522 1729 550 civilia

156 566 240 594 immo
262 565 332 603 plus
355 574 445 604 quam
468 565 571 594 civilia
595 565 667 603 quia
692 565 833 594 intestina
856 570 883 595 ct
903 567 1111 604 parricidalia
1135 567 1212 596 bella
1236 569 1263 597 in
1285 571 1472 599 Germanicis
1497 575 1523 600 et
1544 572 1670 611 Belgyicis
1694 584 1729 602 ac

158 617 325 646 Gallicanis
350 616 517 654 provinciis
547 616 649 655 reli'yio
678 615 909 646 cliristianitatis
934 627 1009 655 pene
1034 618 1095 656 fuit
1122 618 1248 655 abolita,
1281 621 1322 649 ita
1345 625 1378 650 'ut
1401 622 1544 660 episcopis
1569 624 1599 652 in
1621 625 1729 662 paucis

156 669 227 698 locis
252 668 381 697 residuis
406 668 555 706 episcopia
579 668 665 696 laicis
690 667 799 697 donata
825 672 850 697 et
870 678 926 707 per
949 678 996 698 eos
1020 669 1121 699 ‹livisa
1138 670 1225 699 reims
1242 672 1415 703 eartiterint:
1441 673 1513 701 (aleo
1532 677 1561 703 ut
1577 675 1647 703 Milo
1664 675 1729 713 qui-

155 720 224 749 dam
248 723 373 749 tonsura
399 719 535 757 clericas,
564 718 697 748 moribus
720 719 824 748 habitu
848 723 873 748 et
898 723 965 749 actu
991 720 1181 760 inreliyiosus
1206 722 1310 759 laicus,
1339 723 1489 762 episcopia
1514 726 1669 754 Remorum
1695 737 1730 755 ac

158 772 181 800 T
181 772 353 800 reoirorum
376 779 532 809 usurpans
556 770 679 799 insimul
700 780 756 809 per
780 770 984 810 quadrayinta
1008 773 1129 801 ciicitcr
1152 782 1247 802 ‹insnos
1268 774 1515 811 pessumdederit.
1567 776 1658 806 Cuius
1683 778 1730 806 iu-

151 822 236 862 felici
257 826 385 861 tempore
409 821 444 850 (le
468 822 526 851 ista
548 822 686 851 Remcnsi
709 822 853 851 aecclesia
876 832 931 851 non
957 823 1051 852 solum
1073 824 1208 861 pretiosa
1232 833 1364 864 quaeque
1387 825 1489 855 ablata
1509 826 1651 865 suerum,
1679 829 1730 857 scil

156 878 183 903 et
206 874 369 903 aecclesiae
393 877 479 912 (itque
503 873 607 903 (lomus
633 873 839 913 religiosorum
864 874 1033 903 destructae
1057 878 1082 904 et
1107 884 1155 904 res
1179 874 1215 904 ab
1239 876 1383 914 episcopio
1404 876 1491 914 fuere
1514 877 1639 907 (lirisae.
1682 880 1733 908 Illi

154 934 266 964 quoque
285 925 380 964 pauci
401 925 453 963 qui
475 928 563 953 erant
587 924 704 954 residui
725 925 827 955 clerici
851 925 962 964 neyotio
986 926 1093 955 ‘iu'ci‘um
1120 926 1304 965 quaerebant
1328 931 1354 956 et
1376 927 1517 957 denarios
1534 938 1606 967 quos
1623 931 1731 959 merci-

154 977 249 1006 monio
273 975 487 1016 conquirebant
509 977 540 1005 in
564 977 659 1006 cartis
683 980 709 1006 et
733 976 878 1005 librorum
901 977 983 1015 foliis
1008 977 1157 1006 interdum
1175 977 1318 1016 ligyabant.
1360 978 1466 1017 Sicque
1479 980 1639 1017 praefatus
1657 981 1731 1010 liber

154 1037 219 1057 cam
244 1028 313 1057 aliis
334 1027 447 1066 partim
472 1027 622 1056 stillicidio
644 1027 842 1066 putrefacta&
868 1029 983 1066 partim
1007 1028 1153 1058 soricibus
1177 1038 1335 1067 conrosus7
1360 1031 1472 1067 partim
1494 1030 1638 1068 foliorum
1662 1032 1731 1061 abs-

154 1079 262 1108 cisione
286 1078 414 1115 (livisus,
443 1079 472 1107 in
497 1082 612 1107 mnium
636 1078 772 1117 deperiit7
802 1083 833 1108 ut
852 1089 954 1118 pauca
978 1083 1005 1108 et
1027 1079 1167 1118 dispersa
1191 1080 1256 1109 iude
1277 1080 1353 1119 folia
1377 1085 1496 1119 reperta
1517 1082 1642 1120 fuerint.

111 1137 171 1175 Qui
202 1147 304 1178 nuper
330 1137 390 1168 hac
413 1137 453 1168 de
476 1147 510 1168 re
534 1137 730 1178 scripserunt
753 1137 920 1177 Schroers,
952 1137 1109 1169 Hinkmar
1132 1138 1322 1170 Erzbischof
1341 1149 1401 1170 von
1426 1139 1533 1170 Reims
1557 1151 1586 1180 p.
1615 1143 1676 1171 446
1700 1145 1732 1173 61

111 1197 274 1229 Schubert.
303 1197 363 1228 Die
380 1197 627 1237 Unterwerfung
651 1197 707 1228 der
722 1197 922 1228 Alamannen
939 1201 1031 1229 unter
1047 1197 1098 1229 die
1114 1198 1263 1229 Franken
1287 1209 1320 1239 p.
1343 1200 1401 1229 135
1418 1209 1499 1240 sqq.7
1528 1200 1608 1231 alter
1631 1201 1730 1233 histo—

110 1257 189 1289 riola
211 1257 388 1288 accuratius
410 1267 473 1288 non
497 1257 681 1288 examinata
696 1257 860 1288 Fortunati
884 1256 979 1288 fidem
1003 1257 1158 1297 tuebatur7
1186 1258 1267 1289 alter
1289 1259 1439 1298 negabat.
1477 1259 1647 1292 Codicibus
1671 1262 1729 1293 ad—

110 1317 219 1349 hibitis
244 1316 458 1348 controversia
480 1317 543 1348 iam
568 1316 661 1348 facile
687 1316 886 1348 diiudicatur.
929 1317 1007 1348 Cum
1031 1316 1064 1348 in
1087 1317 1174 1349 nullo
1198 1327 1291 1357 quem
1308 1318 1416 1350 videre
1434 1319 1522 1350 licuit
1538 1319 1617 1351 libro
1634 1331 1729 1352 manu

111 1377 226 1418 scripto
250 1377 441 1408 Fortunatus
466 1376 550 1408 vitae
566 1376 713 1408 Remedii
737 1376 870 1417 scriptor
894 1376 1042 1408 laudatus
1066 1377 1117 1416 sit,
1145 1387 1246 1409 sermo
1270 1381 1376 1409 autem
1399 1382 1463 1410 tam
1487 1378 1651 1411 dissimilis
1676 1380 1726 1419 sit,

110 1440 144 1468 ut
172 1436 212 1468 de
242 1447 279 1468 eo
309 1440 438 1468 auctore
465 1447 505 1468 ne
529 1436 662 1476 cogitari
686 1435 814 1475 quidem
839 1436 954 1477 possit,
991 1436 1103 1468 relatio
1126 1436 1231 1468 fidelis
1255 1437 1391 1469 virorum
1415 1438 1635 1479 religiosorum
1659 1450 1730 1481 pro—

109 1499 219 1528 vectae
246 1496 378 1535 aetatis,
413 1496 455 1527 ad
478 1506 572 1537 quam
595 1495 784 1527 Hincmarus
807 1499 971 1537 provocat,
1007 1496 1201 1537 reprobatur.
1250 1498 1351 1529 Locus
1375 1502 1480 1529 autem
1505 1509 1566 1539 quo
1590 1509 1660 1531 eum
1685 1501 1729 1532 uti

110 1556 202 1588 modo
225 1556 362 1588 vidimus
386 1559 421 1587 ut
443 1555 548 1587 Vitam
572 1556 701 1588 brevem
725 1566 765 1587 ex
788 1556 943 1597 ampliore
967 1560 1147 1597 excerptam
1173 1566 1244 1588 esse
1268 1558 1431 1598 probaret,
1459 1559 1649 1590 contrarium
1673 1570 1729 1600 po-

110 1616 172 1648 tius
195 1616 398 1654 demonstrat,
428 1626 497 1647 cum
521 1616 642 1647 verbis:
673 1616 851 1646 Stialiamus
862 1618 896 1656 33)
923 1626 992 1657 erqo
1006 1626 1107 1656 pauca
1123 1617 1271 1655 deserere,
1295 1619 1432 1657 plurima
1446 1621 1624 1658 praeterire,
1652 1620 1730 1651 haec

109 1676 234 1708 adiecta
266 1676 343 1707 Sint:
377 1686 448 1706 nam
479 1678 507 1707 si
529 1681 616 1706 tanta
642 1677 784 1706 virtutum
807 1686 936 1706 suarum
961 1677 1093 1717 insiynia
1117 1681 1170 1706 aut
1193 1678 1322 1707 ariditas
1345 1679 1443 1708 nostri
1465 1681 1610 1709 sermonis
1630 1685 1730 1719 posset

110 1737 246 1767 excolere
270 1741 323 1766 ciat
345 1738 488 1766 memoria
513 1738 650 1775 retiner&
672 1737 762 1775 prius
785 1736 894 1766 habere
914 1741 1035 1775 poterat
1057 1738 1216 1766 terminum
1241 1738 1299 1767 lum
1321 1738 1468 1768 hodierna
1492 1748 1580 1777 quam
1599 1741 1725 1780 paffl'na.

110 1796 197 1827 Haec
220 1796 410 1827 Hincmarus
434 1798 525 1827 caute
550 1795 741 1836 suppressit,
774 1805 844 1827 cum
867 1795 987 1827 auctori
1010 1806 1167 1836 anonymo
1191 1795 1294 1827 fontes
1318 1796 1451 1837 scriptos
1475 1798 1579 1829 nullos
1602 1803 1728 1839 praesto

110 1855 207 1887 fuisse
238 1856 380 1897 probent.
429 1856 503 1887 Post
530 1855 735 1886 Hinemarum
764 1855 981 1894 Flodoardus,
1016 1855 1098 1887 Hist.
1124 1856 1213 1887 Rem.
1240 1856 1255 1886 I
1265 1881 1270 1895 ‚
1303 1859 1339 1887 10
1370 1856 1492 1897 (Script.
1520 1858 1610 1898 XIII,
1637 1861 1724 1899 421),

109 1915 213 1947 Vitam
236 1916 408 1947 Fmtunato
432 1919 545 1956 poetae
567 1915 617 1946 his
641 1915 746 1946 verbis
770 1914 928 1946 attribuit:
959 1920 990 1946 ut
1015 1917 1196 1946 For-limatus
1220 1926 1333 1956 quoque
1354 1922 1441 1956 poeta
1464 1923 1564 1947 noster
1588 1921 1710 1949 asserit.

193 1984 251 2015 Est
272 1987 379 2015 autem
402 1984 476 2015 Vita
499 1983 643 2015 Remedii
667 1983 753 2015 haud
776 1984 874 2015 multo
898 1987 970 2024 post
992 1987 1122 2015 mortem
1148 1984 1249 2015 sancti
1273 1984 1455 2026 composita⁷
1484 1995 1553 2016 cum
1575 1986 1727 2027 Gregorio

109 2044 184 2075 Tur.
210 2043 274 2075 iam
297 2032 372 2075 nota
395 2043 500 2075 fuerit.
549 2046 616 2082 Est,
646 2043 812 2083 inquam),
849 2054 927 2074 nunc
956 2044 1030 2074 liber
1061 2045 1137 2074 iu'tae
1165 2045 1245 2083 eius,
1277 2046 1329 2084 qui
1356 2055 1421 2075 eum
1445 2050 1555 2076 narrat
1579 2052 1726 2077 mortuum

109 2105 284 2143 suscitasse,
316 2103 402 2135 etin
425 2103 514 2135 Glor.
542 2102 633 2135 Conf.
661 2113 687 2134 c.
716 2105 772 2134 78:
804 2108 831 2134 et
857 2105 992 2133 oratione
1019 2114 1077 2133 sua
1104 2104 1261 2143 defunctae
1288 2106 1422 2135 cadaver
1446 2107 1568 2145 puellae
1598 2107 1727 2137 obtenuit

109 2165 262 2195 suscitari.
310 2164 424 2204 Agitur
447 2163 486 2195 de
510 2163 662 2194 miraculo
685 2162 769 2203 quod
792 2162 825 2194 in
848 2162 921 2194 Vita
945 2173 971 2194 c.
999 2164 1080 2194 o—8
1105 2167 1266 2195 narratum
1290 2167 1350 2196 est.

194 2231 328 2263 Codices
351 2241 429 2272 quos
452 2232 565 2271 Waitz7
594 2231 710 2263 Archiv
733 2231 789 2270 XI⁷
819 2233 877 2261 251
905 2231 1064 2263 recensuit
1086 2232 1235 2273 permulti
1259 2236 1427 2273 supersunt
1450 2233 1534 2273 iique
1558 2235 1684 2266 vetusti.

110 2290 137 2322 G
263 2291 372 2323 Codex
388 2292 577 2324 Parisicnsis
595 2292 725 2323 Latinus
742 2301 788 2322 nr.
813 2292 923 2330 12598,
945 2292 1205 2323 membranaceus
1223 2291 1343 2324 formae
1360 2303 1506 2333 magnae,
1535 2303 1618 2325 saec.
1638 2295 1723 2325 VIII.

313 2346 381 2374 erat
411 2343 628 2381 Oorbeiensis,
669 2346 744 2374 111116
774 2342 1060 2382 Sangermanensis
1096 2344 1152 2382 (nr.
1184 2345 1264 2373 1045
1295 2344 1346 2375 vel
1382 2346 1460 2374 10210
1471 2346 1491 2384 2²)
1529 2346 1723 2376 monasterii.

313 2394 406 2426 Initio
432 2397 463 2426 61
485 2394 547 2426 fine
570 2394 701 2425 mutilus
725 2403 833 2425 eorum
857 2397 978 2425 tantum
1003 2397 1181 2425 sanctorum
1200 2394 1290 2426 Vitas
1314 2395 1460 2433 continet
1489 2395 1541 2435 qui
1565 2396 1726 2428 mensibus

312 2445 493 2477 Novembre
522 2449 554 2477 et
581 2444 758 2476 Decembre
789 2445 945 2476 coluntur.
1004 2445 1040 2475 111
1071 2445 1175 2476 medio
1205 2448 1293 2477 textu
1324 2446 1416 2477 Vitae
1446 2446 1573 2478 Martini
1603 2447 1721 2488 incipit,

313 2496 369 2527 fol.
396 2494 531 2527 23—25'
562 2496 667 2528 Vitam
690 2495 836 2527 Remedii
866 2505 950 2527 saec.
976 2496 1070 2537 IXJX
1097 2496 1245 2527 librarius
1276 2496 1405 2537 quidam
1436 2498 1610 2539 exemplari
1640 2499 1726 2530 nullo

313 2548 455 2579 adhibito
479 2548 670 2587 emendavit,
699 2547 788 2578 cuius
812 2547 1043 2579 emendationis
1067 2548 1146 2579 ratio
1170 2548 1258 2579 nulla
1282 2547 1391 2580 habita
1415 2552 1472 2580 est.
1517 2548 1585 2579 Fol.
1605 2547 1654 2579 25'
1672 2560 1721 2581 ex.

195 2686 234 2716 33)
257 2687 324 2709 Infra
343 2694 367 2716 p.
383 2687 423 2715 65,
443 2691 465 2709 s,

195 2728 235 2757 34)
256 2729 322 2753 Hist.
345 2729 431 2752 Franc.
452 2730 486 2757 ΙΙ,
509 2728 549 2752 31.
