2038 3036
59 676 86 695 10

57 1139 83 1158 15

53 1395 81 1415 20

539 112 651 137 LIBER
669 112 719 137 DE
739 112 970 138 VIRTVTIBVS
991 111 1126 138 SANCTI
1146 112 1299 139 HILARII.
1707 117 1723 145 7

110 205 245 237 hostium
276 207 500 246 propugnator.
549 204 648 235 Cuius
672 204 756 236 dieta
779 205 833 244 qui
856 205 970 245 legerit
993 216 1054 237 non
1078 206 1177 237 credit
1201 206 1305 238 dicere
1329 207 1385 238 sed
1408 210 1527 239 tonare.
1577 208 1643 239 Hoc
1666 208 1726 240 fuit

110 257 192 287 ultra
208 255 351 287 homines
367 265 480 296 sapere
497 258 561 286 tam
578 259 670 286 caute
687 255 726 286 de
744 256 896 295 religione
914 266 1053 288 censere.
1106 258 1166 297 (52)
1195 258 1259 289 Sed
1280 258 1333 297 qni
1350 258 1417 290 vult
1432 259 1535 299 ipsum
1552 269 1723 299 agnoscere

109 308 177 339 eius
200 307 297 338 exilia
320 310 487 346 memoret,
522 306 636 338 merita
659 307 823 347 respiciat,
856 308 1018 339 volumina
1041 309 1177 348 relegat,
1205 309 1290 340 dieta
1313 310 1505 351 perpendat,
1534 311 1626 351 signa
1649 311 1726 342 coti—

110 359 206 390 diana
236 361 433 398 percenseat.
482 357 543 395 Qui
573 357 648 388 dum
679 358 833 398 superstis
864 358 922 389 fuit
952 359 984 389 in
1014 360 1141 390 saeculo
1164 363 1219 391 aut
1242 360 1368 401 scripsit
1391 361 1625 393 ecclesiasticae
1649 362 1723 393 fidei

108 410 314 449 documenta,
349 412 403 440 aut
431 408 604 449 pugnando
628 408 763 439 calcavit
787 409 948 440 haeretica
971 410 1118 447 crimina,
1153 414 1207 442 aut
1230 412 1349 451 petenti
1371 412 1480 443 tribuit
1503 413 1722 444 miraculorum

107 461 278 501 suffragia:
304 470 385 500 quae
408 460 535 491 volente
559 459 686 491 domino
710 470 808 499 usque
832 461 864 491 in
888 460 1073 492 hodiernum
1097 461 1179 493 diem
1204 462 1272 493 eius
1297 463 1488 494 orationibus
1506 469 1720 504 perseverant.

111 513 170 552 (53)
200 511 263 543 Sed
287 522 358 543 mea
381 511 492 551 lingua
514 520 577 542 non
601 510 718 541 sufficit
741 511 868 551 singula
892 511 930 543 (10
955 516 1064 543 sancto
1089 513 1202 553 spiritu
1224 514 1279 553 qui
1302 524 1358 553 per
1377 524 1447 545 eum
1466 518 1497 546 et
1511 519 1660 556 operatus
1676 520 1724 548 est

106 566 138 594 et
159 563 298 602 locutus,
326 563 407 594 sicut
428 562 476 593 illi
499 562 630 602 dignum
653 565 718 601 est,
747 566 857 593 cuncta
880 563 1031 603 proferre.
1079 564 1141 595 Det
1164 564 1239 594 mihi
1264 565 1336 604 pius
1360 566 1500 605 veniam,
1527 567 1600 606 quia
1624 568 1723 599 multa

106 614 255 655 praeterii
278 613 331 654 qni
354 613 409 644 vix
432 623 534 654 pauca
557 613 738 653 conscripsi.
793 615 850 654 154)
881 614 929 645 Ita
951 614 1154 646 beatissimus
1175 615 1316 647 Hilarius
1340 616 1379 648 de
1403 618 1579 657 praesentis
1603 619 1722 650 saeculi

105 665 170 697 vita
193 675 263 696 cum
286 665 389 705 gloria
411 664 561 704 migravit
583 664 625 695 ad
649 664 809 695 Christum
832 668 916 696 terra
939 666 1092 705 plorante,
1121 667 1209 697 caelo
1231 667 1402 707 gaudente.

360 866 518 913 LIBER
550 866 620 913 DE
654 865 984 914 VIRTVTIBVS
1019 866 1212 914 SANCTI
1244 867 1465 916 HILARII.

192 974 232 1014 (1)
260 973 399 1004 Doiinuo
423 981 550 1004 SANeTo
573 981 616 1003 Er
639 981 776 1004 Mnrtrrrs
798 982 997 1005 BEATrssmo
1013 983 1111 1004 PATRI
1130 974 1321 1005 PAsenN'rro
1338 984 1444 1006 PAPAE
1461 985 1503 1006 ΕΤ
1520 986 1554 1008 IN
1572 977 1720 1010 Cnnrsro

102 1034 294 1056 FLORIGERA
318 1033 533 1055 PERENNITER
556 1033 722 1055 CARrrA'rE
745 1033 980 1056 VERNANTnva
998 1033 1180 1056 neonusmn
1197 1034 1465 1058 rrAssrrAToRinvs
1481 1028 1718 1062 Fou'rVNA‘rvs.

103 1076 181 1108 Cum
215 1079 339 1108 veteres
374 1079 405 1107 et
437 1075 614 1107 infidelium
650 1075 827 1107 conditores
857 1076 1053 1108 voluminum
1084 1077 1284 1117 eloquentiae
1316 1087 1393 1109 suae
1424 1089 1570 1119 pompam
1602 1082 1722 1113 cunctis

103 1127 270 1159 ostendere
300 1137 398 1158 causa
428 1127 649 1168 provocaverit
678 1127 835 1167 opinionis
865 1127 1011 1159 inflatae:
1045 1128 1118 1159 dum
1150 1139 1260 1168 regum
1284 1132 1357 1159 vota
1380 1139 1436 1160 seu
1460 1130 1583 1170 funera,
1618 1132 1651 1163 id
1675 1136 1723 1164 est

103 1189 256 1220 prospera
278 1179 331 1210 vel
355 1178 509 1218 adversa,
542 1178 673 1209 confuso
696 1179 783 1210 vocis
806 1180 916 1210 ordine
939 1180 1077 1219 quodam
1102 1179 1194 1211 modo
1219 1179 1281 1211 visi
1305 1184 1377 1211 sunt
1399 1185 1527 1213 cantare
1550 1184 1668 1223 pariter
1690 1188 1721 1216 et

101 1230 244 1271 plorare,
277 1234 311 1261 ut
338 1234 401 1261 tam
431 1230 484 1270 qui
508 1229 656 1261 dixerunt
678 1231 729 1261 vel
753 1230 792 1261 de
817 1231 931 1270 quibus
955 1231 1050 1262 locuti
1074 1234 1147 1262 sunt
1170 1231 1275 1263 saltim
1299 1231 1331 1262 in
1354 1232 1444 1263 libris
1468 1233 1624 1274 viverent,
1660 1236 1720 1267 etsi

101 1281 210 1313 vacuis
240 1281 364 1312 actibus
392 1281 530 1313 inaniter
560 1281 768 1313 defecissent:
804 1292 859 1313 0111·
888 1293 946 1323 ego
977 1283 1115 1314 melioris
1139 1283 1207 1324 spei
1231 1283 1420 1314 sollicitatus
1443 1284 1593 1317 instinctu
1618 1287 1721 1327 patiar

100 1332 223 1364 reticeri
247 1332 286 1364 de
310 1333 425 1364 summi
449 1333 640 1364 confessoris
664 1334 844 1364 viventibus
868 1334 987 1365 meritis
1011 1337 1042 1365 et
1065 1334 1227 1365 victoriis?
1258 1335 1297 1374 (2)
1325 1345 1387 1366 non
1411 1335 1489 1375 511107
1517 1337 1600 1376 quod
1623 1338 1716 1378 absit,

101 1384 261 1416 vindictae
286 1384 433 1415 caelestis
457 1384 603 1423 incursu,
638 1395 707 1415 cum
732 1385 786 1416 vix
811 1385 918 1416 debita
941 1386 1113 1425 solverem,
1149 1385 1175 1416 si
1199 1385 1238 1417 de
1261 1386 1347 1417 beati
1370 1386 1485 1418 Hilarii
1508 1387 1719 1421 indeficientis

100 1435 257 1477 lampadis
292 1435 460 1476 splendore
494 1435 689 1476 infatigabili
724 1446 800 1467 voce
835 1436 885 1468 die
920 1437 1102 1468 continuata
1136 1447 1207 1468 cum
1236 1440 1325 1468 nocte
1354 1438 1473 1478 pariter
1502 1438 1716 1472 decantarem.

105 1489 143 1528 (3)
171 1487 243 1524 Qua
265 1496 339 1518 vero
363 1487 413 1518 vel
437 1486 583 1518 inretitus
606 1487 774 1518 inscientia
798 1488 849 1519 vel
872 1488 1019 1528 inpulsus
1043 1488 1174 1526 offensa,
1201 1488 1234 1519 in
1258 1499 1297 1519 ea
1312 1489 1474 1521 voluntate
1491 1491 1580 1530 gravi
1595 1495 1718 1533 torpore

99 1538 320 1580 persisterem,
356 1541 389 1569 ut
416 1548 485 1569 cum
509 1538 559 1569 illi
582 1538 717 1579 plurimo
742 1539 866 1579 decepti
890 1543 1024 1570 tractatu
1049 1539 1087 1570 (10
1111 1540 1250 1571 resoluta
1273 1540 1454 1571 umbrarum
1478 1541 1617 1582 imagine
1641 1554 1719 1574 non-

100 1590 188 1621 nulla
219 1589 407 1621 conficerent
438 1592 470 1620 et
500 1588 532 1619 in
563 1590 727 1630 pulvereni
758 1590 886 1621 redacta
918 1590 1076 1622 cadavera
1106 1590 1196 1622 falsis
1228 1591 1321 1630 quasi
1350 1592 1498 1623 laudibus
1528 1594 1715 1635 animarent,

187 1719 197 1743 1
219 1717 295 1751 dicta]
314 1719 424 1742 doctrina
448 1719 467 1741 V
570 1721 654 1742 tonare
673 1732 707 1736 —
728 1719 758 1743 10
777 1718 912 1751 gaudente]
939 1721 999 1743 obiit
1017 1722 1101 1743 autem
1120 1720 1245 1750 praefatus
1264 1722 1379 1751 pontifex
1398 1722 1499 1745 hilarius
1518 1723 1558 1745 die
1578 1724 1663 1747 iduum
1683 1726 1719 1747 ia-

99 1764 249 1786 nuariarum.
288 1762 408 1791 reliquiae
429 1763 482 1784 01115
502 1763 610 1792 pictauis
629 1765 688 1785 suut
707 1763 829 1792 conditae,
850 1764 875 1785 in
895 1770 942 1792 quo
962 1764 1012 1786 1000
1031 1763 1150 1786 hactenus
1170 1764 1256 1785 diuina
1276 1764 1395 1787 beneficia
1414 1768 1557 1795 operantur,
1580 1767 1632 1795 ipso
1650 1775 1720 1796 prae-

99 1809 190 1835 stante,
212 1806 254 1835 qui
274 1806 340 1827 uiuit
359 1807 384 1827 et
402 1807 488 1833 regnat
507 1805 568 1827 dens
588 1806 612 1827 in
633 1806 731 1828 saecula
750 1806 911 1829 saeculorum.
934 1813 1004 1828 amen
1030 1806 1050 1828 Υ
1174 1806 1188 1828 2
1208 1807 1332 1829 hominem
1353 1807 1396 1836 (V)
1508 1815 1651 1836 cognoscere
1672 1810 1715 1839 (V)

100 1849 114 1873 8
134 1847 206 1880 mihi]
224 1855 271 1871 om.
294 1848 313 1870 V
417 1848 431 1870 9
450 1848 587 1878 praeteriui
609 1848 629 1870 V
730 1847 876 1880 conscripsi]
897 1856 927 1871 ne
948 1855 1002 1878 ergo
1020 1849 1110 1878 pagina
1129 1856 1184 1871 011111
1204 1850 1256 1872 stili
1276 1851 1413 1873 rusticitate
1433 1858 1478 1873 nec
1497 1858 1545 1873 non
1564 1854 1589 1874 et
1601 1852 1719 1881 loquendi

99 1893 226 1915 nimietate
245 1891 368 1920 prolixius
387 1893 492 1913 extensa
511 1891 629 1920 uilescat,
658 1891 783 1914 scribendi
803 1892 850 1914 iarn
870 1892 988 1914 debemus
1008 1894 1148 1914 construere
1168 1895 1254 1915 metas.
1294 1895 1332 1915 est
1351 1896 1433 1915 tamen
1452 1894 1555 1922 dignum
1574 1895 1718 1925 iuueritque

98 1935 143 1958 1100
161 1942 241 1958 unum
260 1937 359 1957 tantum
378 1934 478 1963 referre,
501 1934 622 1963 quomodo
640 1934 715 1957 huius
735 1935 817 1957 saneti
837 1935 885 1957 uiri
905 1935 986 1957 anima
1005 1935 1087 1957 diuini
1106 1935 1208 1957 luminis
1227 1935 1322 1964 fulgore
1341 1936 1457 1964 migrauit
1476 1940 1586 1966 excepta.
1620 1941 1717 1961 tantum

98 1984 204 2007 namque
228 1977 313 2000 lumen
337 1977 453 1999 eeclesiae
477 1977 536 1999 dum
561 1977 706 2000 infirmando
732 1978 855 2000 obscurari
883 1978 1017 2007 coepisset,
1045 1978 1214 2000 uenerabilem
1240 1978 1322 2001 uirum
1348 1979 1458 2001 leonium
1478 1980 1588 2002 eiusdem
1607 1981 1716 2004 ciuitatis

98 2021 269 2051 presbyterum
294 2020 399 2049 quadam
424 2019 462 2041 die
491 2019 610 2042 secretius
629 2020 678 2042 sibi
698 2020 809 2042 accersiri
830 2020 973 2049 mandauit,
1001 2021 1024 2042 ei
1042 2023 1124 2042 autem
1143 2020 1210 2042 idem
1230 2020 1343 2043 sacerdos
1363 2021 1477 2044 credulus
1496 2025 1521 2045 et
1540 2023 1716 2047 dilectissimus

99 2064 243 2086 habebatur.
283 2069 390 2092 cunique
410 2063 600 2085 imminentibus
620 2063 698 2085 noctis
718 2063 826 2085 tenebris
846 2070 903 2085 enm
923 2064 991 2085 exire
1011 2065 1035 2085 et
1054 2064 1075 2085 si
1094 2063 1154 2092 qnid
1172 2064 1232 2086 foris
1252 2063 1350 2086 audiret
1369 2065 1415 2086 sibi
1435 2066 1572 2089 renuntiari
1592 2067 1713 2096 iussisset,

98 2107 152 2137 ipse
177 2113 251 2130 uoces
276 2106 453 2128 tumultuantis
478 2106 558 2128 adhuc
584 2106 671 2136 populi
697 2106 809 2128 ciuitatis
836 2113 861 2128 se
886 2106 987 2128 audisse
1012 2109 1141 2128 reuertens
1166 2107 1289 2135 exposuit.
1329 2108 1479 2136 persistebat
1503 2109 1586 2138 itaque
1609 2110 1716 2138 uigilans

99 2149 208 2178 iustique
234 2150 308 2171 tinem
333 2151 482 2178 expectans,
510 2149 620 2171 animum
646 2149 788 2171 nouissimis
813 2150 868 2171 01115
894 2151 919 2171 et
938 2150 1070 2172 carissimis
1089 2149 1304 2172 exhortationibus
1323 2151 1445 2173 reficiens.
1485 2151 1575 2174 deinde
1594 2155 1715 2182 tempesta

98 2192 146 2214 iam
170 2195 240 2215 nocte
266 2198 353 2214 rursus
379 2199 392 2214 a
411 2194 494 2214 sancto
513 2194 611 2220 rogatur
630 2193 697 2214 exire
717 2192 826 2221 quidque
846 2192 935 2214 auditu
954 2192 1079 2221 percipere
1099 2195 1182 2221 posset
1201 2193 1247 2214 sibi
1266 2193 1357 2215 iacenti
1376 2193 1405 2215 ad
1424 2193 1515 2216 lectum
1536 2195 1633 2217 referre.
1672 2197 1715 2225 qui

98 2234 155 2257 dum
181 2235 275 2257 nullius
299 2235 406 2257 sonitum
432 2236 472 2257 uel
498 2235 699 2257 mussitationem
719 2242 745 2257 se
765 2235 874 2257 sensisse
894 2235 1038 2264 renuntiat,
1066 2242 1122 2257 [nox
1143 2235 1257 2264 splendor
1276 2236 1464 2259 inaestimabilis
1483 2237 1614 2266 claritatis,
1642 2245 1715 2267 quem

98 2277 193 2300 leonius
218 2285 244 2300 50
267 2284 316 2300 11011
342 2278 453 2307 potuisse
478 2278 541 2300 serre
568 2278 704 2307 fatebatur,
731 2284 775 2307 per
794 2278 928 2300 fenestram
948 2285 961 2300 a
979 2280 1047 2307 parte
1067 2278 1150 2300 altaris
1170 2277 1282 2300 eiusdem
1301 2279 1429 2308 basilicae,
1456 2279 1482 2301 in
1501 2287 1549 2309 qua
1569 2281 1714 2304 sanissimus

98 2320 235 2343 decubabat
259 2321 374 2343 infirmus
402 2321 537 2350 (infirmum
562 2321 626 2343 mule
644 2320 766 2343 Reinkens
782 2328 808 2349 p.
829 2321 907 2349 319),
934 2320 1081 2349 ingreditur.
1121 2320 1257 2343 secundum
1281 2327 1387 2350 namque
1412 2323 1549 2351 apostolum
1574 2323 1715 2347 infirmatus

97 2369 168 2386 carne
187 2364 278 2393 spiritu
296 2364 419 2393 potentior
438 2366 499 2393 erat,
521 2364 591 2386 cuius
611 2364 693 2386 anima
711 2370 760 2386 non
780 2364 957 2393 qualiscunque
977 2364 1020 2386 sed
1039 2364 1182 2386 beatissima
1201 2364 1365 2393 corporalibus
1385 2365 1463 2387 soluta
1478 2366 1595 2395 uinculis,
1618 2373 1715 2395 egressa

98 2412 125 2428 00
144 2406 214 2435 ipso,
234 2409 263 2429 ut
282 2406 420 2436 credimus,
442 2407 545 2429 diuinae
564 2407 682 2430 claritatis
702 2407 795 2429 iumine
815 2410 931 2435 suscepta
950 2409 975 2429 et
993 2407 1020 2429 in
1039 2406 1146 2436 paradisi
1166 2407 1290 2434 migrando
1310 2408 1426 2436 perpetui
1446 2407 1583 2437 splendoris
1604 2410 1713 2432 amoeni—

97 2450 172 2471 tatem
191 2449 305 2472 intrauit.
343 2450 377 2472 ibi
396 2456 463 2472 nunc
482 2452 507 2473 et
525 2457 623 2480 semper
642 2450 745 2480 pretiosi
765 2450 854 2480 lapidis
873 2450 1012 2472 diademate
1032 2452 1173 2478 coronatus,
1202 2450 1227 2472 in
1247 2450 1397 2479 sempiterna
1417 2451 1477 2473 coeli
1497 2458 1550 2473 arce
1570 2451 1636 2474 felici
1656 2459 1713 2481 per-

97 2491 168 2514 fusus
187 2492 249 2520 lnce,
272 2492 457 2515 exsultantibus
476 2493 568 2515 sanctis
588 2493 694 2516 laetatur
712 2492 769 2515 (alil.
795 2493 822 2515 Z.
862 2493 1076 2521 Interpolationem
1097 2492 1215 2515 sternit-ens
1232 2500 1257 2521 p.
1280 2493 1341 2514 XXI
1359 2495 1440 2515 tuetur
1577 2494 1713 2517 beatissimi

99 2534 179 2557 hilarii
198 2535 228 2558 de
246 2536 372 2565 praesenti
391 2536 489 2558 saeculo
513 2536 533 2558 V
662 2535 692 2559 10
713 2534 776 2567 uita]
797 2536 896 2558 ualente
915 2538 941 2557 et
960 2535 1131 2558 ualentiniano
1150 2536 1310 2564 regnantibus
1330 2536 1387 2558 fuld.
1408 2537 1486 2565 111110,
1508 2535 1541 2564 cf.
1564 2536 1663 2559 Hieron.
1685 2537 1714 2560 de

97 2578 155 2599 viris
174 2578 210 2600 ill.
231 2585 252 2601 c.
275 2579 323 2600 100
428 2576 564 2610 gaudente]
585 2579 670 2601 eodem
689 2580 744 2601 iesu
765 2579 855 2601 christo
875 2581 1026 2608 praestante,
1048 2578 1090 2607 qui
1111 2585 1167 2600 cum
1187 2581 1255 2607 patre
1278 2581 1302 2600 et
1321 2579 1409 2607 spiritu
1429 2582 1512 2601 sancto
1533 2579 1599 2601 uiuit
1618 2582 1642 2602 et
1660 2587 1714 2609 reg-

97 2623 139 2643 nat
157 2620 217 2643 deus
236 2621 262 2643 in
281 2621 378 2644 saeculo
397 2622 558 2644 saeculorum.
580 2628 651 2644 amen
671 2621 728 2644 add.
753 2622 819 2650 ναίει.
927 2627 1048 2643 EXPLtCIT
1068 2627 1127 2643 vrrs
1147 2627 1287 2643 serrarum
1308 2621 1367 2643 51*
1391 2624 1422 2649 (et
1441 2622 1503 2644 conf.
1526 2621 1581 2645 add.
1604 2620 1643 2651 (1'2)
1666 2621 1686 2644 G

183 2663 211 2686 11
232 2670 330 2686 1NC1P1T
349 2671 429 2686 mmm
448 2671 480 2686 1.)ss
499 2671 655 2687 vrnrvrrnvs
675 2671 712 2687 sel
732 2671 836 2687 1111101111
855 2664 899 2686 Εῐι
918 2664 958 2694 (1¹²,
979 2666 1099 2693 expuncta
1119 2670 1139 2686 s.
1156 2670 1173 2686 1.
1190 2670 1213 2687 13.
1234 2666 1256 2686 et
1275 2666 1436 2693 superscripta
1456 2664 1479 2686 h.
1501 2665 1579 2693 ipsius
1596 2663 1636 2694 (1¹2,
1655 2672 1712 2694 pro-

96 2707 178 2735 loqum
191 2705 259 2735 adp.
273 2708 298 2735 8,
320 2708 336 2729 l.
351 2708 366 2729 8
385 2707 491 2730 absoluit
509 2714 556 2731 om.
576 2708 595 2730 V
698 2707 727 2730 13
748 2705 900 2739 ECCLESIAE]
919 2707 1080 2737 pictauieusis
1098 2706 1157 2730 add.
1175 2707 1239 2736 only.
1353 2706 1382 2730 18
1403 2714 1466 2737 ergo,
1488 2708 1558 2730 litera
1572 2715 1582 2729 r
1600 2708 1676 2731 deleta
1693 2709 1713 2731 G

99 2748 128 2772 19
148 2749 260 2779 reticere,
280 2749 321 2772 sed
340 2756 365 2773 re
385 2751 410 2772 in
428 2750 505 2773 litura
523 2750 543 2773 G
649 2751 750 2773 uictoris
771 2749 791 2772 G

1747 261 1805 292 XV

1746 568 1820 599 XVI
