2038 3036
95 685 122 703 10

95 941 123 960 15

93 1196 121 1215 2⁰

93 1452 122 1471 25

93 1710 122 1728 30

95 1965 125 1985 35

96 2221 125 2240 40

734 122 823 149 VITA
844 121 977 149 sANC'rl
997 123 1168 150 AMANTH.
1721 130 1759 157 59

142 219 292 246 aeternae
324 214 460 246 lavacris
489 214 630 255 perfudit
657 215 764 255 sicque
794 217 997 248 beatissimus
1026 217 1166 258 pontifex
1190 218 1349 249 infelicem
1375 218 1525 259 praedam
1551 219 1590 250 de
1615 219 1760 250 faucibus

143 266 262 297 diaboli
287 266 476 298 abstrahens
500 266 575 297 fecit
598 266 733 298 feliciter
756 277 857 298 suam.

233 318 292 358 (41)
321 318 482 349 Venerunt
505 327 628 357 quoque
652 317 810 357 quondam
835 319 896 349 duo
920 319 979 349 viri
1002 319 1043 350 ad
1067 320 1175 350 urbem
1201 319 1359 351 infelicem
1384 321 1480 351 vitani
1501 322 1597 352 atroci
1614 326 1761 361 gerentes

142 369 175 400 in
198 369 329 400 scelere.
383 369 510 408 Tegunt
540 367 647 407 itaque
679 368 806 399 funesta
837 370 985 400 demissis
1009 370 1148 401 vultibus
1172 371 1264 401 eorda
1290 375 1320 402 et
1343 371 1474 402 extortis
1499 371 1623 403 fletibus
1647 376 1677 403 et
1700 372 1761 403 imo

143 423 270 460 pectore
299 419 466 451 abstractis
499 419 643 459 suspiriis
672 419 782 450 vilium
812 423 970 451 vetustate
1002 431 1176 461 pannorum
1207 432 1365 462 pauperes
1397 432 1430 453 se
1461 433 1531 453 esse
1556 424 1759 454 mentiuntur.

143 471 339 502 Tribuuntur
362 471 408 502 eis
431 469 614 501 necessaria
638 470 734 501 victui
758 474 789 502 et
812 471 979 502 simulatae
1003 472 1150 503 miseriae
1175 473 1376 504 miseratione
1400 473 1543 514 piissima
1564 475 1758 505 subvenitur.

147 523 207 563 (42)
235 522 363 554 Deflent
392 521 500 561 itaque
528 521 591 552 vim
617 530 687 552 sese
712 521 838 561 frigoris
863 522 944 553 ferre
968 533 1029 554 non
1054 532 1163 563 110556,
1200 523 1327 554 tandem
1351 524 1433 555 intra
1457 530 1548 565 septa
1571 526 1762 566 recipiuntur

143 574 310 605 ecclesiae.
358 573 482 612 Vixque
513 572 608 603 corda
640 573 820 604 mortalium
851 574 941 613 quies
972 574 1074 614 prima
1104 577 1194 614 grata
1225 584 1370 605 curarum
1401 576 1558 607 oblivione
1583 577 1758 608 laxaverat.

143 636 213 657 cum
243 625 291 656 illi
321 624 492 655 admittunt
522 623 722 654 latrocinium
755 627 785 655 et
815 634 921 663 sacra,
957 635 1012 665 pro
1039 625 1147 656 nefas!
1185 625 1314 665 pollutis
1338 627 1484 657 manibus
1509 628 1607 667 pallia
1631 628 1758 659 adeunt.

142 677 215 708 vela
245 675 386 707 deiciunt
415 675 628 714 reseratisque
659 675 763 705 ianuis
794 675 896 715 gradu
927 676 1049 707 concito
1080 676 1188 716 fugam
1219 677 1349 707 crimine
1380 678 1563 709 stimulante
1595 679 1757 719 arripiunt.

143 727 196 767 qui
219 727 264 758 ita
287 726 383 766 digno
407 726 570 758 caecitatis
596 726 751 766 supplicio
776 726 948 764 feriuntur,
984 730 1018 757 ut
1041 727 1153 757 nefarii
1177 727 1259 758 oculi
1283 728 1334 767 qui
1360 728 1481 759 indices
1505 729 1668 761 criminum
1693 731 1763 762 sue-

142 781 212 809 rant
242 777 339 809 duces
369 786 440 809 esse
470 776 566 817 fugae
598 787 659 808 non
691 781 832 817 possent.
882 778 950 808 Huc
984 778 1090 817 itaque
1117 781 1148 808 et
1171 778 1249 808 illuc
1272 778 1408 809 incertos
1432 779 1595 820 implicant
1619 782 1709 812 orbes
1734 786 1763 813 et

142 839 242 861 vacuo
265 832 389 860 noctem
412 828 520 859 labore
543 831 742 859 consumunt.
796 829 855 867 (43)
884 828 1040 860 Redditur
1063 829 1154 860 terris
1178 828 1263 860 dies.
1293 830 1474 868 agnoscitur
1498 830 1638 862 facinus.
1666 831 1700 862 fit
1722 832 1762 862 ad

144 879 340 912 sacerdotem
365 889 546 911 concursus.
588 880 792 910 Demonstrat
808 880 922 911 beatus
938 880 1071 911 antistes
1088 890 1166 919 quos
1182 880 1321 911 oratione
1339 884 1482 912 tenuerat
1499 882 1604 921 aitque
1621 887 1764 914 auctores

143 931 282 963 criminis
313 941 412 972 prope
442 934 569 972 pontem
593 931 647 971 qui
670 931 832 971 proximus
856 931 926 961 urbi
951 935 999 962 est
1023 931 1174 962 caecitate
1199 941 1270 962 esse
1294 942 1461 971 pereussos
1485 936 1516 963 et
1538 943 1638 964 vacuo
1662 934 1763 965 lassos

142 983 255 1014 itinere
279 982 454 1014 considere.
508 983 567 1022 (44)
596 982 646 1013 Ad
675 985 802 1022 pontem
833 992 909 1021 ergo
940 982 1016 1020 itur,
1051 982 1250 1022 reperiuntur
1273 982 1388 1013 nefarii
1412 983 1551 1015 criminis
1574 985 1636 1023 161,
1668 985 1764 1016 inter-

143 1033 309 1074 rogatique
333 1044 393 1073 quo
417 1033 500 1065 irent
524 1033 640 1073 quidve
665 1033 711 1064 eis
736 1036 821 1064 esset
844 1033 979 1073 negotii7
1009 1033 1098 1064 aiunt
1122 1043 1156 1064 se
1179 1033 1305 1073 longius
1329 1034 1412 1065 velle
1437 1045 1585 1075 pergere.
1615 1036 1671 1067 sed
1695 1047 1762 1068 cum

145 1089 231 1116 esset
253 1085 331 1116 hora
355 1085 421 1116 fere
446 1084 510 1116 diei
533 1084 643 1124 tertia7
674 1095 693 1115 a
716 1088 826 1125 coepto
851 1094 884 1116 56
909 1084 1017 1115 dicunt
1040 1084 1153 1116 itinere
1177 1095 1295 1125 opacae
1320 1086 1418 1116 noctis
1442 1087 1580 1117 tenebris
1604 1087 1761 1128 impediri.

142 1136 193 1167 Ad
223 1136 421 1168 sacerdotem
451 1135 587 1176 denique
617 1135 853 1176 pertralmntur.
908 1137 967 1175 (45)
997 1136 1109 1175 Itaque
1140 1146 1209 1167 cun]
1240 1136 1287 1167 vir
1317 1136 1520 1168 beatissimus
1552 1138 1672 1169 illatam
1705 1140 1764 1170 sibi

142 1187 290 1218 iniuriam
315 1187 403 1219 velut
425 1187 458 1218 in
482 1187 608 1218 sublimi
632 1187 753 1227 positus
776 1191 849 1218 ante
874 1187 1063 1228 despiceret,
1091 1191 1196 1218 tamen
1221 1187 1294 1219 licet
1317 1188 1418 1218 divini
1439 1199 1554 1220 memor
1572 1194 1657 1221 esset
1673 1201 1765 1230 prae-

143 1238 235 1279 cepti⁷
264 1239 387 1270 alienas
411 1238 512 1269 noluit
534 1239 645 1279 culpas
669 1238 737 1270 51116
762 1238 891 1279 propria
915 1238 1030 1269 virtute
1056 1238 1217 1278 castigari7
1246 1249 1318 1269 nani
1336 1239 1462 1279 dempto
1479 1240 1576 1280 pallio
1593 1251 1649 1272 5110
1667 1243 1764 1273 sacri—

142 1290 232 1330 legos
263 1290 312 1320 bis
344 1293 399 1321 aut
426 1289 517 1320 tertio
540 1289 572 1320 111
597 1290 688 1320 (10150
713 1289 885 1330 percussit.r
924 1289 1008 1328 quod
1032 1289 1077 1320 ita
1100 1290 1131 1320 111
1155 1300 1262 1320 60111111
1287 1291 1435 1321 membris
1458 1291 1590 1324 insedit.
1625 1296 1658 1323 ut
1681 1294 1764 1324 0111111

143 1341 183 1372 31)
211 1341 291 1382 ipsis
322 1340 459 1372 atrocius
488 1341 619 1372 verbere
652 1341 712 1372 sibi
745 1350 815 1371 esse
843 1344 1017 1381 putaretur.
1073 1341 1131 1380 ῚΔ46)
1159 1341 1274 1372 Multos
1306 1351 1428 1381 quoque
1459 1343 1602 1382 regulam
1628 1344 1765 1375 melioris

143 1392 227 1423 vitae
258 1395 475 1432 transgressos
506 1392 607 1423 saneti
639 1391 788 1430 tegminis
820 1391 883 1422 levi
907 1394 992 1422 tactu
1017 1391 1058 1422 ad
1083 1392 1313 1423 emendationis
1338 1392 1505 1424 sanitatem
1530 1394 1672 1425 reduxit.
1709 1395 1765 1426 sed

144 1452 271 1484 semper
301 1442 474 1474 secundum
506 1443 634 1474 modum
666 1443 790 1483 peceati
820 1442 1066 1483 impendebatur
1093 1453 1167 1474 cura
1190 1443 1321 1474 remedii
1345 1447 1376 1474 et
1398 1454 1453 1484 pro
1477 1445 1629 1484 qualitate
1654 1446 1765 1486 eulpae

142 1495 190 1526 vis
222 1494 418 1526 inferebatur
448 1494 622 1525 vindictae.
671 1493 723 1525 Sic
755 1503 830 1534 ergo
859 1494 960 1525 sancti
984 1494 1015 1525 in
1039 1494 1180 1526 oratione
1204 1494 1262 1525 viri
1286 1495 1319 1525 in
1342 1495 1473 1526 latebris
1498 1495 1615 1527 factum
1639 1497 1765 1529 animae

142 1546 259 1577 vulnus
282 1545 394 1577 fortius
417 1545 518 1576 morbi
541 1545 714 1576 remedium
739 1545 851 1576 sensit.

234 1599 292 1637 (47)
322 1597 424 1637 Igitur
451 1596 637 1627 criminosus
667 1596 797 1636 quidam
828 1597 964 1627 ortulum
998 1596 1099 1628 sancti
1130 1596 1188 1627 viri
1213 1596 1363 1636 exiguum
1386 1597 1513 1637 quidem
1540 1598 1650 1638 spatiis
1676 1598 1767 1629 laetis

142 1652 250 1680 tamen
274 1647 428 1688 conspicit
450 1647 604 1679 virentem
628 1647 801 1687 holeribus,
828 1648 1005 1688 ampliabat
1029 1648 1055 1678 si
1079 1647 1208 1688 quidem
1232 1648 1292 1679 1061
1316 1648 1483 1687 angustias
1506 1658 1640 1680 amoena
1660 1650 1768 1680 iocun-

144 1700 237 1732 ditas.
286 1699 400 1730 Statim
431 1708 506 1738 ergo
536 1698 634 1730 atroci
664 1702 769 1730 mente
800 1699 876 1730 furti
909 1698 1032 1730 facinus
1066 1698 1212 1739 concipit.
1278 1699 1335 1738 (48)
1363 1700 1474 1739 Itaque
1505 1700 1647 1731 redditur
1677 1701 1766 1732 terris

143 1761 259 1783 occasu
283 1750 347 1782 diei
370 1750 471 1782 noctis
495 1750 655 1781 silentium
680 1750 797 1790 vixque
821 1750 916 1782 corda
940 1750 1121 1782 mortalium
1145 1751 1211 1781 alta
1234 1750 1323 1790 quies
1347 1750 1433 1782 dulci
1457 1761 1567 1791 sopore
1588 1751 1763 1784 laxaverat,

144 1813 215 1834 cum
238 1802 294 1833 ille
318 1801 556 1833 accommodum
580 1801 686 1832 fraudi
708 1805 833 1842 tempus
856 1802 1053 1842 amplectens
1070 1801 1194 1842 prosilit
1209 1801 1345 1833 audacia
1360 1802 1473 1842 plenus
1490 1802 1531 1833 ad
1548 1803 1669 1834 scelera
1686 1804 1767 1834 levi-

143 1863 205 1894 que
233 1853 374 1894 impulsu
405 1862 487 1893 quae
518 1852 686 1883 obstabant
717 1852 902 1883 cedentibus
932 1852 1000 1883 adit
1030 1853 1182 1891 ortulum⁷
1216 1853 1327 1884 holera
1357 1852 1477 1893 diripit.
1512 1853 1599 1885 abire
1624 1854 1763 1886 festinat.

145 1905 202 1936 sed
233 1904 386 1935 divinitus
416 1903 580 1935 retinetur.
634 1904 694 1943 (49)
723 1904 840 1934 Nullus
871 1904 987 1935 etenim
1019 1903 1181 1935 remeandi
1213 1904 1317 1934 exitus
1347 1908 1435 1944 patet
1463 1905 1561 1936 etita
1585 1915 1657 1936 reus
1680 1907 1766 1937 tenui

146 1966 222 1997 sepe
253 1955 345 1995 quasi
374 1965 464 1986 muro
495 1955 652 1993 vallatus7
690 1955 807 1994 exigua
837 1965 963 1995 nanque
987 1955 1151 1986 obstacula
1175 1955 1262 1986 velut
1285 1955 1369 1986 omni
1393 1959 1570 1987 constructa
1594 1957 1766 1988 munimine

144 2016 286 2038 crescere
309 2006 447 2046 fugienti
469 2006 616 2037 videntur
638 2006 671 2036 in
695 2006 820 2037 molem.
862 2006 971 2037 Noctis
989 2016 1064 2046 ergo
1081 2006 1176 2037 totius
1193 2006 1253 2037 iter
1269 2006 1405 2047 spatium
1423 2007 1516 2038 ortuli
1533 2007 1602 2038 fuit.
1644 2008 1763 2039 Interea

144 2068 255 2090 roseae
279 2057 359 2089 lucis
384 2057 536 2098 splendor
558 2057 710 2088 mundum
727 2057 861 2088 irradiat
877 2057 1022 2097 facieque
1038 2058 1133 2089 rebus
1149 2057 1273 2088 reddita
1289 2057 1381 2089 terris
1398 2057 1452 2088 lux
1469 2057 1562 2088 redit.
1625 2060 1671 2089 50'
1702 2059 1767 2098 Igi-

144 2112 194 2141 tur
223 2109 336 2140 beatus
368 2118 466 2140 senex
494 2108 526 2139 in
559 2109 677 2140 cellula
705 2109 759 2140 ubi
790 2109 903 2149 spretis
935 2108 1052 2140 somnis
1076 2109 1230 2140 inertibus
1253 2112 1376 2140 noctem
1401 2109 1486 2140 dulci
1510 2109 1714 2141 meditatione
1738 2114 1768 2141 et

145 2164 254 2192 sancto
285 2160 397 2192 labore
428 2164 629 2200 transegerat
658 2170 755 2191 unum
787 2170 804 2191 e
834 2159 985 2191 fratribus
1010 2163 1101 2191 vocat
1124 2160 1314 2200 mittensque
1338 2160 1369 2191 in
1394 2161 1529 2191 ortulum
1553 2161 1699 2191 mandat.
1735 2165 1766 2192 ut

147 2222 240 2252 quem
274 2211 352 2243 inibi
387 2221 491 2243 errore
527 2212 682 2242 lassatum
718 2221 774 2242 suo
809 2214 839 2243 et
872 2211 959 2242 velut
992 2211 1182 2251 quibusdam
1213 2215 1349 2242 artatum
1380 2212 1515 2243 vinculis
1544 2212 1586 2242 ita
1619 2212 1765 2243 innexum

145 2263 273 2294 crimine
303 2263 497 2304 repperisset
527 2263 709 2294 attraheret.
759 2263 853 2294 Haud
884 2273 972 2294 mora
1002 2262 1043 2301 it7
1078 2263 1216 2303 repperit
1239 2266 1270 2294 et
1293 2262 1433 2293 attrahit.
1485 2264 1541 2303 (51,
1573 2263 1673 2294 Adest
1695 2263 1766 2294 ilico

144 2314 341 2350 criminosus,
370 2314 488 2346 furtum
512 2314 544 2345 in
567 2314 672 2345 medio
696 2314 818 2355 proicit7
846 2314 946 2354 pedes
971 2314 1190 2355 complectitur
1214 2314 1398 2345 sacerdotis.
1446 2315 1557 2353 Itaque
1580 2314 1627 2345 vir
1650 2315 1766 2355 pietate

231 2452 245 2475 3
265 2451 352 2484 atroci]
372 2460 420 2475 om.
437 2451 458 2474 L
599 2451 613 2475 S
632 2450 771 2483 laxauerat]
795 2452 861 2481 Veryi
883 2452 943 2475 Aen.
970 2452 996 2479 Y,
1018 2453 1067 2475 &57
1204 2451 1235 2474 26
1256 2450 1306 2483 uis]
1327 2451 1360 2475 M.
1383 2452 1421 2473 1115
1442 2451 1461 2473 L
1596 2451 1626 2475 25
1647 2453 1725 2481 spatio
1746 2452 1766 2475 B

146 2494 176 2518 29
196 2493 308 2527 quidem]
329 2496 407 2524 spatio
426 2494 483 2518 add.
503 2495 523 2518 L
681 2495 713 2518 30
733 2496 846 2524 concepit
865 2495 886 2517 B
1043 2494 1155 2517 redditur
1173 2493 1257 2525 terris]
1277 2494 1310 2522 cf.
1332 2501 1407 2523 vsupra
1427 2502 1449 2516 v.
1474 2496 1513 2517 13.
1534 2494 1630 2517 reddito
1650 2495 1721 2517 terris
1743 2495 1768 2517 ,il

145 2537 174 2561 31
196 2545 294 2561 occasus
314 2537 355 2561 SL
471 2538 571 2561 silentio
591 2537 657 2560 SML
776 2535 881 2569 uixque]
903 2538 936 2566 cf.
957 2544 1032 2567 supra
1052 2545 1076 2560 1·.
1097 2539 1121 2566 8,
1143 2538 1186 2559 uix
1207 2537 1275 2559 SML
1393 2536 1424 2559 32
1445 2537 1596 2559 commodum
1618 2537 1638 2558 B
1743 2542 1766 2560 et

144 2581 235 2604 scelere
254 2581 275 2602 B
393 2580 424 2604 33
444 2588 506 2611 quae
525 2581 657 2604 obstabant
676 2578 834 2612 cedentibus]
855 2581 944 2603 transit
964 2580 1027 2609 quod
1047 2580 1159 2602 obstabat
1179 2580 1197 2602 L
1312 2580 1371 2602 adiit
1392 2579 1412 2601 Β
1528 2579 1559 2602 34
1579 2580 1622 2602 sed
1642 2580 1766 2603 diuinitus

145 2622 279 2656 retinetur]
298 2631 346 2647 om.
364 2623 385 2646 L
522 2624 616 2646 etenim
637 2622 775 2655 remeandi]
794 2627 877 2646 tamen
896 2623 1017 2646 redeundi
1038 2622 1057 2644 L
1194 2626 1218 2645 et
1237 2621 1282 2653 ita]
1301 2624 1358 2652 quia
1379 2622 1397 2644 L
1535 2623 1566 2646 35
1587 2624 1693 2645 uallatur
1713 2624 1733 2645 B

145 2664 256 2697 nanque]
269 2673 316 2689 om.
333 2666 353 2688 L
460 2665 491 2689 36
511 2664 631 2698 fugienti]
645 2667 693 2689 sibi
706 2666 764 2689 add.
783 2666 802 2688 L
907 2665 937 2689 37
958 2665 1070 2688 redditur
1083 2665 1103 2688 L
1209 2664 1240 2688 33
1261 2666 1285 2687 in
1300 2665 1408 2688 aestibus
1423 2665 1502 2688 noctis
1518 2665 1537 2687 B
1642 2666 1673 2689 41)
1694 2664 1766 2697 inibi]

145 2709 180 2731 ibi
200 2708 220 2731 L
325 2707 371 2741 ita]
390 2716 437 2732 om.
454 2708 474 2731 Β
585 2709 613 2732 41
637 2709 789 2732 abstraheret
810 2709 829 2731 L
934 2706 965 2739 it]
984 2709 1009 2732 S,
1032 2708 1102 2730 illum
1123 2707 1150 2731 B.
1174 2708 1225 2730 adit
1245 2707 1263 2729 L
1372 2709 1479 2737 repperit
1498 2711 1522 2730 et
1542 2706 1653 2740 attrahit]
1674 2710 1766 2738 reperit

144 2751 263 2774 abstrahit
284 2751 303 2774 L
408 2752 478 2775 adest
497 2750 564 2783 ilico]
584 2752 634 2780 SL,
656 2755 683 2774 ut
702 2759 761 2775 uero
780 2753 852 2775 affuit
872 2758 950 2774 coram
971 2751 1095 2774 sacerdote
1114 2751 1136 2773 I}
1242 2750 1272 2774 42
1293 2750 1421 2779 pedesque
1442 2750 1462 2772 B

1525 2802 1557 2826 ὃ.

1791 1599 1833 1628 Vi
