2038 3036
59 678 86 698 10

58 934 85 953 15

55 1189 83 1210 20

54 1808 82 1827 25

52 2066 80 2085 30

489 109 497 115 ⁶
539 116 651 142 LIBER
670 117 718 143 DE
738 118 968 145 VIRTVTIBVS
987 120 1123 146 SANOTI
1142 121 1296 148 IIILARII.
1688 129 1717 157 11

110 209 252 240 occultae
284 208 485 249 cogitationis
515 209 655 241 facinora
685 212 826 242 revelata
857 213 1017 253 adspexit,
1054 215 1281 255 consideravit,
1315 216 1470 257 ingemuit
1500 222 1532 250 et
1554 219 1656 259 flevit,
1692 223 1724 251 ut

110 259 214 290 saltim
239 260 438 290 lacrimarum
462 260 548 291 fonte
572 260 696 300 rigante
721 262 865 302 dilueret,
893 265 977 303 quod
1002 266 1094 297 corde
1119 266 1322 307 delinquente
1339 268 1490 300 foedavit.
1531 270 1592 307 Qui
1613 274 1724 311 postea

109 311 228 341 maiora
251 311 363 342 obtulit
386 314 527 350 exactus,
555 321 647 342 cerae
670 312 785 344 iudicio
811 314 998 354 castigante.

199 363 258 402 (34)
288 363 365 393 Item
389 372 459 393 cum
482 362 572 393 iuxta
596 364 854 395 consuetudinem
879 366 1016 404 quadam
1041 371 1130 398 nocte
1147 378 1256 400 cereus
1274 369 1479 402 inluminatus
1496 372 1616 411 fuisset,
1645 383 1720 404 casu
1744 372 1807 402 XII

111 422 205 453 super
221 414 423 454 sepulchrum
441 413 509 444 eius
526 414 579 453 qui
595 414 822 446 intercessione
840 425 897 446 sua
914 417 1053 449 viviticat
1068 419 1183 450 ardens
1200 421 1323 457 corruit,
1344 422 1389 452 ita
1405 426 1439 453 ut
1452 432 1547 463 super
1559 424 1723 455 mafortem

108 474 168 503 quo
193 464 306 495 cecidit
328 464 396 495 sine
420 465 562 496 laesione
586 465 695 504 aliqua
718 467 913 506 perarderet.
955 469 1037 500 Nam
1054 470 1085 500 in
1101 474 1253 510 quantum
1269 472 1328 503 suit
1343 482 1434 504 cerae
1451 474 1623 513 longitudo,
1653 485 1725 506 cera

106 515 213 546 iacens
243 515 372 547 inventa
401 519 466 554 est,
501 526 621 557 papyro
653 521 852 557 consumata,
890 522 1039 559 tanquam
1064 521 1090 551 si
1115 522 1280 553 confinium
1305 533 1377 554 cera
1400 524 1470 564 ipsa
1494 524 1622 557 fecisset
1644 526 1725 557 inter

106 566 212 606 ignem
237 569 268 597 et
291 567 440 607 pallium,
476 570 510 597 ut
533 568 573 598 ab
597 567 668 607 ipsa
691 568 887 600 inveniretur
910 570 1039 602 defendi
1063 582 1118 612 per
1141 583 1234 612 quam
1259 574 1414 613 potuisset
1436 575 1535 606 exuri.
1582 577 1726 608 Attendit

107 617 305 657 beneficium,
333 621 366 648 ut
389 618 590 649 oboediretur
612 623 793 660 praecepto.
835 621 937 658 Quam
962 631 1087 663 semper
1110 623 1169 653 soit
1192 624 1336 663 subdere,
1364 626 1415 656 hic
1439 636 1543 657 ceram
1567 627 1650 667 ignis
1667 639 1723 659 ex—

106 669 209 709 pavit;
229 679 323 708 quam
341 669 382 700 ad
398 669 531 700 ardendi
547 669 700 700 auxilium
718 675 884 710 sumserat,
904 672 974 713 ipsa
990 673 1060 704 visa
1077 677 1125 704 est
1141 684 1330 715 repugnare.
1385 678 1444 715 (35)
1470 677 1535 708 sed
1550 677 1631 709 inter
1646 679 1724 710 haec

105 720 186 751 illud
209 720 357 752 admonet
380 721 502 762 potiuS,
529 724 562 751 ut
585 721 724 752 dicatur:
760 722 792 752 in
816 722 931 754 virtute
956 724 1145 755 confessoris
1170 735 1250 765 quas
1274 726 1385 757 didicit
1407 737 1479 758 oera
1502 728 1645 760 flammas
1669 740 1724 761 ex-

105 771 209 810 tinxit,
237 776 268 803 et
292 782 443 803 converso
467 772 577 803 ordine
600 772 681 804 illud
704 783 723 803 a
747 784 808 813 quo
833 774 936 805 vorari
960 775 1061 815 potuit
1076 776 1283 816 praefocavit.
1323 778 1478 810 Diversae
1495 780 1618 819 speeies
1635 792 1722 812 suam

105 823 194 854 visae
225 827 298 854 sunt
326 827 471 855 naturam
502 827 663 855 mutasse:
697 834 736 855 ne
761 824 837 864 quid
860 825 911 857 hic
935 826 1083 857 incendia
1106 827 1284 867 laederent,
1319 829 1451 869 pallium
1476 840 1531 870 pro
1555 841 1719 866 marmore,

106 884 178 905 cera
208 874 267 905 fuit
297 885 353 915 pro
383 874 522 906 flumine.
577 876 635 915 (36)
665 875 729 906 Sed
759 880 910 916 quantum
935 880 983 908 est
1005 878 1091 918 apud
1113 878 1205 909 illurn
1229 880 1311 910 cerei
1334 880 1440 911 lumen
1464 881 1648 922 extinguere
1672 884 1724 923 qui

106 936 271 957 caecorum
295 927 403 958 lumen
426 926 580 966 accendit,
608 930 663 957 aut
687 937 756 958 cum
780 927 913 959 alterius
937 928 1102 960 cadaveris
1128 930 1322 970 sepulturam
1346 932 1506 963 oculorum
1528 933 1602 973 igne
1619 934 1724 965 redin—

104 980 218 1017 tegrat,
245 988 339 1017 quam
364 977 459 1009 facile
483 978 640 1009 credimus
664 978 703 1009 de
728 979 896 1019 sepulchro
920 980 1044 1020 proprio
1070 984 1102 1012 ut
1124 980 1268 1013 flammas
1292 983 1456 1023 expellat?

195 1029 255 1069 (37)
283 1029 407 1060 Vellem
436 1029 541 1060 adhuc
570 1029 739 1060 insatiatus
770 1030 978 1062 sacratissimi
1007 1031 1065 1062 viri
1090 1032 1242 1063 miracula
1265 1034 1356 1073 quasi
1379 1034 1582 1075 peculiariter
1605 1036 1722 1067 decan—

103 1082 181 1119 tare,
212 1079 269 1111 sed
292 1090 402 1111 vereor
425 1091 464 1112 ne
489 1080 572 1112 unde
596 1091 700 1111 meam
725 1081 817 1122 cupio
841 1081 1042 1113 devotionem
1067 1084 1234 1115 ostendere
1257 1085 1410 1116 auditoris
1433 1086 1570 1117 animum
1595 1087 1723 1119 fastidio

105 1135 253 1162 nascente
271 1131 381 1162 videar
397 1131 563 1163 obdurare.
617 1133 674 1171 (38)
705 1132 754 1163 Da
771 1132 857 1171 mihi,
878 1133 939 1174 pie.
969 1134 1094 1165 veniam
1115 1135 1154 1166 de
1170 1138 1275 1166 textus
1292 1136 1384 1167 huius
1400 1138 1567 1177 parvitate,
1595 1139 1636 1169 da
1652 1140 1723 1170 usui

105 1182 248 1223 culpam,
284 1183 323 1214 de
353 1193 415 1222 quo
446 1183 597 1223 exiguum
629 1183 765 1215 dicerem
799 1184 826 1215 si
850 1184 948 1215 libros
971 1185 1153 1226 implerem,
1188 1197 1227 1217 ne
1252 1187 1325 1218 dum
1350 1188 1485 1220 hominis
1510 1190 1599 1230 cupio
1623 1191 1722 1222 vitare

106 1233 252 1271 fastidia,
286 1234 397 1265 videar
425 1234 585 1266 incurrere
617 1235 806 1266 confessoris
837 1236 1002 1267 offensam.
1050 1236 1115 1268 Sed
1144 1248 1310 1278 praesumo
1341 1240 1478 1280 plurima
1502 1241 1541 1272 de
1564 1244 1594 1272 tc
1617 1241 1721 1273 minus

107 1284 219 1321 dicere,
248 1288 281 1316 ut
305 1285 344 1317 de
368 1288 398 1317 te
422 1286 529 1326 legere
553 1287 703 1327 populum
728 1287 868 1318 brevitas
892 1288 963 1328 plus
987 1287 1110 1320 invitet.

588 1635 716 1682 VITA
751 1635 945 1683 SANOTI
979 1636 1238 1684 GERMANI.

193 1751 232 1790 (1)
261 1751 377 1781 Beatus
408 1750 504 1790 igitur
534 1750 711 1781 Germanus
743 1750 934 1781 Parisiorum
966 1751 1110 1792 pontifex
1139 1752 1286 1783 territorii
1315 1752 1606 1792 Augustidunensis
1637 1754 1721 1785 indi—

102 1811 186 1842 gena
223 1806 314 1842 patre
344 1802 528 1833 Eleutherio
562 1805 662 1833 matre
691 1812 814 1842 quoque
839 1802 979 1833 Eusebia
1011 1803 1152 1834 honestis
1183 1804 1404 1843 honoratisque
1436 1805 1618 1845 parentibus
1649 1815 1722 1845 pro-

101 1856 224 1884 creatus
257 1857 315 1884 est.
370 1855 407 1893 (2)
437 1853 535 1884 Cuius
559 1853 720 1893 genetrix,
757 1863 811 1894 pro
836 1864 871 1884 eo
896 1854 978 1893 quod
1003 1854 1085 1885 hunc
1108 1858 1180 1895 post
1202 1855 1337 1886 alterum
1359 1855 1443 1886 intra
1465 1856 1561 1887 breve
1585 1857 1721 1897 spatium

100 1905 296 1946 concepisset
317 1905 350 1936 in
374 1909 473 1943 utero,
500 1904 621 1945 pudore
646 1908 731 1935 mota
754 1904 914 1943 muliebri,
942 1905 1091 1946 cupiebat
1114 1909 1187 1937 ante
1210 1910 1333 1947 partum
1350 1906 1503 1938 infantem
1521 1907 1716 1947 extinguere,

100 1959 132 1987 et
160 1960 292 1997 accepta
323 1956 470 1997 potione,
509 1960 543 1987 ut
571 1956 748 1987 abortivum
780 1956 952 1996 proiceret,
986 1956 1060 1988 dum
1091 1967 1206 1988 nocere
1236 1968 1298 1988 non
1328 1962 1454 1998 posset,
1489 1958 1660 1990 incubabat
1689 1960 1720 1990 in

100 2011 224 2048 ventre,
259 2011 293 2039 ut
324 2008 464 2049 pondere
494 2007 694 2049 praefocaret
724 2018 817 2047 quem
849 2018 972 2039 venena
1004 2008 1131 2039 laedere
1162 2019 1224 2039 non
1255 2009 1407 2040 valerent.
1468 2011 1505 2049 (3)
1534 2010 1721 2041 Certabatur

100 2062 201 2090 mater
231 2069 301 2091 cum
334 2060 485 2100 parvulo,
521 2059 678 2090 renitebat
707 2059 814 2089 infans
846 2059 886 2089 ab
918 2062 1024 2090 utero:
1058 2063 1125 2091 erat
1154 2070 1229 2100 ergo
1260 2070 1368 2100 pugna
1397 2060 1479 2092 inter
1502 2061 1666 2092 mulierem
1691 2065 1721 2093 et

100 2110 232 2142 viscera.
276 2111 478 2142 Laedebatur
501 2114 646 2141 matrona
669 2120 727 2142 neo
750 2111 923 2142 nocebatur
946 2111 1090 2149 infantia,
1120 2112 1341 2142 obluctabatur
1357 2111 1489 2151 sarcina,
1518 2122 1557 2143 ne
1573 2112 1716 2152 genetrix

98 2162 187 2193 fieret
216 2162 387 2203 parricida.
440 2163 477 2203 (1)
507 2162 545 2193 Id
575 2166 679 2193 actum
713 2166 775 2201 est,
811 2165 845 2192 ut
868 2166 1012 2194 servatus
1036 2162 1199 2193 incolomis
1223 2162 1293 2203 ipse
1316 2162 1458 2194 inlaesus
1481 2163 1666 2204 procederet
1689 2159 1720 2195 et

187 2318 195 2341 1
219 2319 366 2347 cognitionis
388 2319 426 2347 (Α)
563 2319 694 2348 conspexit
714 2319 735 2340 Α
866 2317 1038 2340 considerabat
1060 2319 1079 2340 (τ’
1202 2318 1305 2341 defleuit
1325 2318 1346 2340 A
1480 2318 1494 2340 2
1514 2321 1632 2347 regnante
1654 2318 1685 2340 (il

99 2362 201 2384 diluerit
220 2362 248 2392 G,
271 2362 382 2384 dolueret
402 2362 422 2383 A
552 2362 566 2384 5
586 2362 762 2384 intercessione
778 2362 798 2383 (ι’
903 2359 957 2392 sua]
977 2364 1084 2383 mortuos
1103 2360 1159 2384 add.
1180 2360 1212 2383 G2
1317 2363 1451 2384 mauortem
1465 2361 1495 2390 A,
1517 2360 1550 2389 cf.
1568 2361 1609 2383 Du
1627 2362 1715 2390 (haye,

103 2404 180 2428 Gloss.
202 2405 239 2428 ecl.
261 2405 378 2427 Henschel
398 2405 442 2434 IV,
461 2412 486 2434 p.
510 2406 558 2427 174
691 2404 703 2426 7
725 2406 870 2433 consumpta
889 2404 911 2426 A
1042 2404 1056 2427 9
1076 2404 1224 2427 beneficium
1244 2402 1283 2435 ut]
1302 2411 1349 2427 om.
1366 2404 1387 2426 A
1509 2404 1631 2426 oboediret
1653 2402 1685 2426 (¹¹2

98 2446 150 2479 hic]
169 2455 215 2472 om.
232 2448 253 2470 A
368 2447 395 2470 11
418 2446 516 2479 didicit]
540 2447 581 2470 GA
698 2447 727 2470 13
747 2450 857 2470 mutasse
876 2449 988 2469 naturam
1009 2447 1029 2468 A
1135 2454 1165 2469 ne
1184 2445 1255 2478 quid]
1275 2454 1355 2476 neque
1376 2447 1397 2468 A
1505 2446 1534 2469 14
1553 2454 1595 2475 pro
1615 2447 1718 2469 flumine

100 2492 149 2515 fuit
168 2492 188 2513 Α
305 2490 334 2513 16
353 2491 483 2521 sepultura
503 2491 524 2513 A
641 2490 670 2513 19
689 2492 801 2513 obturare
824 2490 862 2517 (Α)
971 2490 1000 2512 de
1021 2492 1107 2512 textus
1126 2490 1202 2512 huius
1222 2488 1354 2521 paruitate]
1374 2496 1404 2512 ne
1424 2492 1520 2512 textum
1540 2489 1614 2511 huius
1634 2490 1717 2518 parui-

101 2538 176 2558 tatem
195 2535 319 2564 repellens
338 2534 459 2563 improbes
478 2535 500 2556 A
657 2532 727 2565 usui]
747 2534 839 2562 scripsi,
863 2533 943 2560 ausui,
966 2540 996 2555 au
1017 2534 1042 2554 ἰη
1061 2533 1136 2555 litum
1158 2533 1186 2561 G,
1213 2533 1280 2555 casui
1302 2532 1340 2561 (Α)
1499 2532 1527 2555 21
1550 2532 1676 2555 fastidium
1696 2533 1717 2555 A

99 2577 130 2601 22
148 2584 269 2600 Exl’LICrT
288 2583 365 2599 1.,1111111
384 2584 417 2599 ns
436 2583 588 2599 vrrz'rv'rrnvs
609 2576 648 2604 Gl,
671 2583 761 2599 simron
782 2582 884 2598 111LA1211
904 2575 960 2598 add.
982 2574 1020 2600 (1'2,
1045 2577 1153 2604 sequitur
1171 2576 1272 2604 epistola
1292 2575 1324 2597 ad
1344 2575 1437 2597 Abram
1456 2575 1534 2605 filiam
1554 2582 1622 2597 suam
1644 2576 1687 2597 (r'A

184 2620 215 2644 23
237 2627 265 2642 IN
289 2626 393 2642 camsrr
417 2626 518 2642 NOMINE
544 2626 643 2642 merum
666 2626 727 2642 vim
752 2626 845 2642 mxc-rr
867 2626 898 2641 Ac
920 2622 979 2645 {imo
1000 2619 1027 2647 P)
1049 2625 1202 2641 nnmrssmn
1222 2625 1342 2640 GERMANI
1365 2619 1489 2647 (EPISCOPI
1509 2617 1566 2641 add.
1588 2618 1616 2647 Ρ)
1639 2624 1716 2640 1111111-

100 2669 190 2686 srACAss
209 2670 285 2685 vmsss
304 2669 456 2685 Axrns'rrrxs
480 2663 633 2691 [ANTISTIUS
652 2669 731 2685 nnn-A
750 2669 764 2684 E
784 2668 948 2684 vnxssuAnIM
969 2668 1124 2684 Ferr'rvxix'ro
1144 2667 1263 2683 nrrscor’o
1282 2661 1340 2684 «dd.
1357 2660 1387 2689 G)
1410 2661 1452 2683 PG
1570 2660 1600 2683 24
1620 2662 1715 2689 agusti-

101 2706 219 2729 dunensis
237 2706 379 2735 plerumque
400 2705 452 2734 PG,
475 2706 507 2735 cf.
527 2713 602 2729 earm.
623 2706 648 2735 Y,
664 2707 678 2727 6
784 2704 815 2727 25
836 2708 902 2734 patre
923 2702 1070 2735 eleutherio]
1092 2711 1116 2733 p.
1138 2711 1235 2733 qnoque
1255 2704 1409 2726 euleutherio
1428 2703 1449 2725 P
1552 2701 1601 2734 est]
1620 2710 1667 2726 om.
1686 2703 1715 2726 P1

100 2748 130 2771 27
150 2749 270 2771 muliebra
291 2748 311 2770 Ι)
414 2747 445 2771 29
467 2747 504 2780 ut]
524 2750 563 2771 uel
583 2748 639 2771 add.
657 2747 690 2770 (3¹2
794 2746 944 2778 certabatur]
964 2748 990 2775 P,
1013 2747 1045 2775 cf.
1068 2749 1162 2775 partem
1183 2748 1203 2776 l,
1224 2754 1248 2775 p.
1270 2748 1319 2770 394

1746 1035 1823 1066 XIII

1744 1759 1757 1788 Ι
