2038 3036
55 680 82 700 10

54 938 81 957 15

48 1194 77 1214 20

45 1453 74 1472 25

43 1711 72 1730 30

632 115 725 142 VITA
746 115 919 142 SANCTAE
938 115 1195 143 RADEGVNDIS.
1683 120 1718 147 41

197 208 256 248 (21)
285 208 370 239 Illud
401 217 525 247 quoque
556 218 649 247 quam
679 209 852 249 prudenter
880 213 976 241 totum
1006 220 1061 251 pro
1091 220 1149 241 sua
1179 210 1282 241 salute
1315 209 1502 251 providebat
1531 209 1715 250 inpendere,

106 259 250 300 quotiens
281 259 373 299 quasi
400 262 574 290 mavortem
597 269 712 290 novum
736 260 853 291 lineum
879 270 1031 292 savanum
1055 272 1131 292 auro
1154 261 1206 292 vel
1229 261 1363 301 gemmis
1387 264 1532 292 ornatum
1555 271 1640 292 more
1664 271 1720 292 ve-

106 311 223 342 stiebat
252 310 291 342 de
321 311 472 350 barbaro,
506 321 526 341 a
555 310 830 342 circumstantibus
860 313 976 353 puellis
1000 313 1026 343 si
1050 313 1234 344 laudaretur
1259 312 1520 353 pulcherrimum,
1554 312 1719 352 indignam

107 372 140 393 se
165 361 353 404 adiudicans
376 361 433 393 tali
457 361 591 402 conponi
616 362 761 401 linteolo,
797 373 869 394 mox
893 373 1013 395 exuens
1037 373 1072 395 se
1095 364 1302 400 vestimento,
1337 364 1495 404 dirigebat
1518 364 1586 395 loco
1611 367 1718 394 sancto

105 413 250 453 quisquis
273 415 358 444 esset
380 412 414 443 in
437 412 584 453 proximo
610 416 641 444 et
663 423 719 454 pro
742 414 830 454 palla
853 415 1028 455 ponebatur
1051 415 1192 446 divinum
1216 425 1310 455 super
1332 416 1443 446 altare.

196 465 255 504 (22)
284 464 427 502 Qualiter
458 474 533 495 vero
569 463 596 495 si
626 464 697 503 quis
728 475 783 505 pro
814 466 908 506 culpa
937 466 1110 505 criminali,
1143 469 1177 496 ut
1200 466 1339 503 adsolet,
1372 477 1392 497 a
1414 476 1490 506 rege
1513 466 1724 507 deputabatur

104 514 246 555 interfici,
276 515 478 547 sanctissima
503 514 615 555 regina
638 515 831 546 moriebatur
854 517 1002 555 cruciatu,
1034 527 1074 547 ne
1098 516 1284 557 designatus
1307 527 1379 548 reus
1403 520 1575 548 moreretur
1597 517 1629 548 in
1653 518 1723 557 gla-

104 567 179 598 dio?
212 566 356 604 Qualiter
380 566 589 598 concursabat
611 576 668 607 per
691 566 879 598 domesticos
904 568 1014 599 fideles
1039 568 1214 599 servientes
1238 572 1269 599 et
1292 578 1448 608 proceres,
1474 578 1605 608 quorum
1628 568 1722 599 blan-

104 617 253 651 dimentis
282 617 445 649 mulcebat
474 617 613 648 animum
646 617 814 658 principis,
850 618 949 650 donee
977 619 1009 650 in
1038 619 1110 659 ipsa
1137 619 1185 649 ira
1214 619 1299 658 regis
1327 619 1410 650 unde
1434 623 1630 660 processerat
1654 629 1721 650 sors

103 669 212 701 mortis
235 669 308 700 inde
333 671 471 700 curreret
493 678 555 700 vox
579 668 715 699 salutis?

193 721 254 761 (23)
282 720 340 751 His
363 720 462 760 igitur
484 720 588 751 beatis
613 719 738 751 actibus
762 725 947 761 occupatam
972 721 1003 751 in
1029 724 1151 752 tantum
1176 721 1320 762 provexit
1343 721 1451 752 divina
1474 722 1654 761 clementia,
1689 725 1722 753 ut

103 772 198 803 etiam
221 772 326 803 adhuc
349 771 381 802 in
404 771 523 813 palatio
550 771 635 802 laica
661 771 787 802 domino
804 772 959 812 largiente
976 773 1213 803 declararentur
1228 783 1283 813 pro
1300 783 1337 803 ea
1353 773 1516 803 miracula.
1570 775 1628 813 (2-1)
1656 774 1721 805 De-

102 823 197 864 nique
225 823 257 854 in
281 824 428 855 Perunna
459 823 538 854 villa
566 826 638 863 post
660 823 828 863 prandium
852 823 925 854 (lum
949 824 1127 854 ambularet
1149 834 1207 864 per
1229 828 1329 855 ortum
1354 824 1570 863 sanctissima,
1603 825 1647 855 rei
1671 835 1721 855 re-

101 874 179 906 trusi
208 884 264 915 pro
296 874 425 905 crimine
458 874 599 906 succurri
633 874 693 905 sibi
726 875 907 906 clamabant
936 875 1147 905 vociferantes
1177 875 1215 906 de
1244 885 1379 906 earcere.
1429 875 1503 915 Ipsa
1525 875 1600 915 quid
1624 880 1716 909 esset,

101 926 287 966 interrogat:
316 926 510 957 mentiuntur
534 925 681 964 ministri,
709 925 793 966 quod
815 926 1030 957 mendicorum
1053 926 1146 957 turba
1169 930 1336 966 quaereret
1358 927 1604 966 eleemosynam.
1645 927 1721 958 Cre-

100 977 180 1008 dens
210 977 269 1008 hoc
299 977 373 1016 illa,
407 977 592 1009 transmittit
624 977 709 1017 quod
736 977 902 1017 indigebat
924 977 1042 1018 inopia.
1096 978 1154 1015 (25)
1183 978 1307 1009 Interea
1331 988 1350 1009 a
1372 978 1477 1009 iudice
1501 978 1721 1019 conpelluntur

98 1031 204 1060 tacere
228 1029 282 1068 qui
306 1029 496 1060 tenebantur
518 1029 550 1059 in
575 1028 726 1069 conpede.
776 1029 854 1060 Cum
879 1039 954 1059 vero
978 1039 1039 1059 nox
1066 1029 1312 1070 supervenisset,
1341 1029 1415 1060 dum
1440 1029 1499 1060 sibi
1523 1040 1647 1061 cursum
1671 1030 1721 1060 di—

99 1083 198 1119 ceret,
233 1080 343 1111 fractis
367 1080 505 1111 vinculis
531 1080 625 1111 soluti
649 1083 816 1111 occurrunt
840 1084 967 1111 sanctae
991 1080 1030 1111 de
1055 1090 1189 1111 carcere.
1239 1080 1307 1117 Quo
1332 1081 1455 1119 cognito
1479 1090 1549 1111 reos
1573 1091 1606 1111 se
1630 1081 1720 1112 vide—

98 1135 170 1163 runt
191 1131 246 1172 qui
271 1132 383 1163 beatae
406 1131 530 1163 mentiti
555 1134 636 1170 sunt,
665 1131 739 1162 dum
764 1131 818 1171 qui
841 1132 887 1163 rci
911 1132 1038 1163 fuerant
1060 1131 1099 1163 de
1124 1132 1243 1163 catenis
1268 1131 1360 1162 soluti
1385 1135 1467 1162 sunt.

188 1184 247 1222 (26)
274 1183 314 1214 Et
343 1183 491 1223 quoniam
522 1182 705 1222 frequenter
735 1183 843 1223 aliqua
874 1183 1037 1214 occasione
1062 1183 1227 1214 divinitate
1251 1186 1455 1223 prosperante
1479 1192 1575 1214 casus
1599 1183 1719 1214 ceditur

96 1234 138 1265 ad
161 1234 315 1273 salutem,
346 1237 381 1265 ut
402 1235 483 1265 haec
505 1234 687 1274 religiosius
711 1234 834 1265 viveret
856 1234 953 1265 frater
976 1234 1160 1265 interficitur
1182 1234 1378 1265 innocenter.
1427 1234 1557 1265 Directa
1579 1234 1675 1273 igitur
1697 1244 1716 1264 a

96 1295 171 1326 rege
202 1286 335 1317 veniens
367 1285 409 1316 ad
438 1286 566 1317 beatum
590 1285 776 1316 Medardum
802 1286 1005 1325 Novomago,
1040 1286 1198 1326 supplicat
1226 1285 1381 1317 instanter
1412 1289 1444 1317 ut
1470 1285 1569 1326 ipsam
1595 1288 1715 1316 mutata

95 1340 185 1369 veste
216 1337 343 1368 domino
375 1340 584 1369 consecraret.
637 1339 696 1377 (27)
726 1337 790 1368 Sed
821 1347 940 1368 memor
967 1337 1102 1368 dicentis
1126 1337 1276 1378 apostoli:
1311 1337 1345 1368 Si
1368 1347 1430 1377 qua
1454 1337 1554 1376 ligata
1578 1336 1618 1367 sit
1641 1346 1715 1367 eon-

94 1388 179 1428 iugi,
213 1399 275 1420 non
306 1392 439 1429 quaerat
462 1389 616 1429 dissolvi,
651 1389 821 1420 differebat
844 1389 1004 1429 reginam,
1039 1399 1078 1420 ne
1101 1392 1190 1420 veste
1213 1392 1334 1429 tegeret
1357 1388 1555 1419 monacham.
1602 1388 1716 1419 Adhuc

94 1440 222 1472 beatum
255 1440 358 1471 virum
388 1440 619 1481 perturbabant
648 1450 797 1481 proceres
828 1444 859 1471 et
886 1450 942 1481 per
965 1440 1129 1471 basilicam
1153 1440 1294 1479 graviter
1317 1440 1357 1471 ab
1381 1439 1475 1470 altari
1499 1439 1711 1473 retrahebant,

94 1502 134 1523 ne
156 1492 278 1523 velaret
300 1491 369 1532 regi
393 1491 607 1530 coniunctam,
637 1502 678 1523 ne
702 1491 862 1522 videretur
885 1491 1052 1531 sacerdoti,
1078 1494 1113 1522 ut
1135 1494 1353 1531 praesumeret
1376 1490 1512 1531 principi
1537 1490 1714 1521 subducere

93 1543 237 1584 reginam
267 1553 330 1574 non
359 1543 563 1584 publicanam
595 1543 652 1574 sed
685 1543 858 1583 publicam.
912 1543 972 1582 (28)
1000 1542 1069 1580 Quo
1093 1542 1292 1573 sanctissima
1316 1542 1440 1581 cognito
1462 1541 1584 1580 intrans
1607 1541 1639 1572 in
1663 1551 1715 1572 sa-

93 1594 245 1634 crarium,
278 1595 465 1626 monachica
494 1598 583 1626 veste
615 1594 774 1633 induitur,
809 1593 951 1635 procedit
980 1594 1021 1625 ad
1052 1594 1172 1633 altare,
1206 1593 1424 1625 beatissimum
1448 1592 1633 1634 Medardum
1664 1593 1714 1623 his

92 1646 198 1677 verbis
229 1646 401 1685 alloquitur
429 1646 555 1677 dicens:
589 1646 623 1677 si
654 1655 704 1676 me
736 1655 923 1677 consecrare
952 1645 1114 1676 distuleris
1144 1648 1175 1676 et
1206 1645 1279 1685 plus
1308 1644 1468 1675 hominem
1499 1654 1591 1684 quam
1620 1644 1713 1675 deum

92 1697 253 1736 timueris,
288 1697 328 1728 de
358 1707 454 1728 manu
484 1700 555 1735 tua,
592 1700 715 1737 pastor,
752 1697 819 1728 ovis
843 1697 949 1728 anima
973 1696 1161 1737 requiratur.
1210 1696 1278 1733 Quo
1301 1696 1356 1727 ille
1380 1695 1616 1727 contestationis
1641 1705 1714 1726 con-

93 1758 204 1780 cussus
227 1748 374 1788 tonitruo,
401 1759 497 1780 manu
521 1748 722 1789 superposita
746 1748 942 1779 consecravit
966 1748 1144 1779 diaconam.

183 1801 241 1840 (29)
271 1800 345 1831 Mox
374 1799 594 1831 indumentum
625 1800 750 1839 nobile,
783 1810 844 1839 quo
878 1799 1084 1831 celeberrima
1107 1799 1158 1830 die
1182 1799 1306 1830 solebat
1327 1808 1443 1839 pompa
1467 1799 1635 1829 comitante
1659 1809 1709 1829 re-

92 1851 168 1891 gina
189 1851 378 1893 procedere,
406 1854 502 1882 exuta
525 1851 613 1892 ponit
634 1851 666 1882 in
689 1851 790 1882 altare
814 1854 845 1882 et
867 1851 992 1889 blattis,
1021 1850 1171 1891 gemmis,
1199 1849 1393 1881 ornamentis
1416 1859 1557 1881 mensam
1583 1850 1708 1881 divinae

177 2006 208 2030 23
228 2009 238 2031 I
258 2007 312 2031 Cor.
335 2008 357 2031 7.
465 2007 497 2030 29
517 2006 579 2030 Gen.
601 2006 625 2035 9,
648 2007 671 2030 5.

177 2153 192 2177 2
211 2156 321 2177 mauorte
340 2154 406 2176 lineo
426 2160 517 2176 sauano
536 2159 600 2176 nono
619 2159 678 2176 auro
700 2152 736 2175 T:
756 2152 790 2180 εἴ.
814 2152 853 2175 Du
873 2152 955 2181 Ganye
977 2153 1054 2175 Gloss.
1076 2152 1111 2176 ed.
1134 2152 1251 2175 Henschez
1271 2154 1327 2175 tom.
1352 2152 1387 2174 VI
1402 2159 1428 2180 p.
1451 2154 1461 2174 l
1625 2154 1708 2174 ornato

95 2197 115 2219 Τ
218 2197 325 2220 uestiuit
342 2197 443 2219 barbaro
462 2199 488 2219 et
506 2204 519 2219 a
539 2196 568 2226 L,
589 2197 745 2219 uestiebatur
762 2196 862 2218 barbaro
886 2195 905 2217 T
1020 2196 1034 2219 3
1054 2196 1146 2225 pueris,
1169 2202 1286 2224 superscr.
1308 2195 1349 2217 uel
1368 2194 1460 2224 puellis
1481 2195 1500 2216 Τ
1616 2194 1632 2216 4
1650 2192 1705 2225 tali]

92 2246 139 2262 om.
161 2239 182 2262 L
303 2239 451 2263 indumento
471 2239 491 2262 L
613 2242 696 2262 sancto
714 2239 765 2261 loco
785 2238 819 2267 M,
840 2239 890 2261 loco
911 2240 995 2261 sancto
1014 2238 1134 2267 dirigebat
1153 2237 1174 2260 L
1313 2237 1327 2260 5
1346 2235 1400 2268 pro]
1419 2244 1466 2260 orn.
1488 2237 1510 2259 L
1631 2244 1706 2266 super

92 2283 178 2306 altario
197 2283 285 2306 diuino
304 2282 325 2305 L
449 2282 461 2305 7
482 2289 539 2306 reus
558 2282 636 2311 gladio
656 2284 792 2305 moreretur
812 2281 832 2303 L
955 2281 969 2304 S
990 2279 1104 2312 quorum]
1123 2281 1194 2303 cuius
1214 2280 1235 2303 L
1357 2280 1371 2303 9
1391 2278 1428 2312 in]
1448 2287 1495 2303 orn.
1521 2279 1541 2301 T
1651 2286 1707 2309 pro-

91 2326 169 2348 cessit
188 2325 217 2348 M
321 2325 350 2349 12
370 2326 456 2349 laicam
476 2326 497 2348 L
601 2325 754 2348 declararent
772 2325 793 2347 L
897 2331 940 2354 pro
959 2322 998 2355 ea]
1020 2323 1099 2353 PMG,
1121 2331 1167 2347 om.
1190 2323 1218 2354 L,
1240 2330 1284 2353 per
1302 2331 1354 2346 eam
1377 2323 1415 2353 (T)
1523 2323 1631 2352 denique
1650 2323 1708 2345 dum

90 2369 117 2391 in
136 2382 170 2385 —
190 2368 220 2391 13
240 2368 371 2398 prandium
390 2369 528 2392 ambularet
548 2368 568 2391 L
692 2367 722 2391 13
741 2374 866 2397 perrunna
885 2367 918 2396 M,
941 2368 1044 2390 berrona
1062 2366 1084 2389 L
1199 2374 1241 2396 pro
1261 2369 1311 2389 orto
1331 2367 1419 2389 scisma
1438 2366 1459 2388 L
1563 2364 1662 2397 retrusi]
1681 2368 1707 2388 et

90 2412 142 2434 rusi
161 2411 191 2440 L,
213 2412 276 2435 trusi
299 2411 319 2433 T
492 2411 521 2434 14
541 2409 606 2443 ipsa]
625 2414 709 2434 autem
729 2411 786 2433 add.
810 2411 830 2432 T
1004 2410 1034 2433 15
1054 2410 1219 2438 interrogabat
1239 2409 1265 2431 M
1409 2410 1480 2431 turba
1500 2409 1667 2431 mendicorum
1686 2408 1707 2430 L

94 2454 123 2477 1ss
143 2452 218 2486 quod]
238 2454 316 2484 PMT,
338 2461 385 2484 quo
407 2454 445 2484 (L)
572 2454 602 2478 18
621 2459 752 2477 occurrunt
771 2454 848 2476 soluti
867 2454 896 2483 L,
918 2455 1015 2476 sauctae
1035 2455 1165 2475 occurrunt
1186 2452 1206 2474 T
1313 2451 1342 2475 19
1363 2452 1472 2481 dumque
1493 2451 1513 2473 L
1617 2450 1647 2474 21
1668 2458 1708 2473 re-

90 2498 193 2526 ligiosus
213 2497 233 2520 L
337 2496 496 2530 interficitur]
517 2497 550 2526 cf.
573 2505 648 2520 carm.
670 2497 698 2520 de
716 2497 810 2519 excidio
833 2497 977 2525 Thorinyiae
997 2504 1019 2518 ν.
1044 2496 1091 2518 124
1111 2497 1132 2517 et
1155 2495 1225 2524 Grey.
1247 2495 1312 2517 Hisl.
1334 2496 1373 2517 Fr.
1397 2495 1447 2524 Ill,
1468 2496 1481 2517 7
1587 2494 1708 2516 innocen-

90 2541 132 2563 tis.
153 2541 229 2570 igitur
248 2540 340 2563 directa
360 2540 381 2563 L
511 2540 542 2564 22
563 2539 708 2572 nouomago]
730 2539 835 2569 PM1G1,
856 2540 1031 2567 nouiomagum
1051 2539 1071 2561 L
1200 2540 1256 2568 ipse
1276 2537 1325 2559 PM
1451 2537 1482 2560 23
1502 2537 1648 2560 consecrarit
1667 2536 1704 2565 Pl,

89 2590 150 2607 corr.
172 2582 208 2606 Ρ2
330 2584 431 2613 apostoli
451 2583 556 2606 dicentis
575 2584 620 2606 LT
736 2590 797 2612 quae
818 2582 838 2605 L
955 2583 1058 2611 coniuge
1078 2582 1098 2604 L
1220 2580 1252 2604 24
1272 2583 1367 2603 uestem
1389 2580 1416 2603 P¹
1535 2580 1610 2603 adhoc
1632 2578 1705 2608 M2T,

91 2627 166 2649 etiam
186 2626 242 2650 add.
268 2626 288 2648 T
400 2626 431 2650 25
451 2627 631 2656 proturbabant
652 2626 679 2649 M
789 2626 817 2648 ad
838 2626 913 2649 altare
934 2625 980 2655 Ml,
1001 2626 1030 2647 ab
1050 2625 1136 2647 altario
1156 2624 1184 2653 L,
1206 2625 1234 2646 ab
1254 2625 1328 2646 altare
1348 2624 1457 2653 grauiter
1479 2623 1498 2644 T
1609 2622 1639 2645 27
1660 2630 1708 2645 non

91 2667 167 2701 publi(
188 2669 210 2692 L
332 2671 461 2692 secretario
481 2670 502 2692 L
636 2669 668 2692 28
688 2667 839 2700 monachiva]
858 2676 869 2691 e
888 2675 950 2691 corr.
972 2675 998 2691 ca
1018 2668 1048 2697 P,
1068 2668 1237 2690 monachMica
1259 2668 1286 2695 G,
1310 2666 1420 2689 monachi
1440 2666 1460 2688 L
1582 2663 1708 2696 induitur]

91 2714 117 2735 et
135 2712 191 2736 add.
213 2712 235 2735 L
350 2710 437 2744 altare]
456 2715 481 2735 et
499 2712 555 2737 add.
581 2713 601 2734 T
717 2712 747 2735 30
767 2710 860 2743 pastor]
880 2719 893 2734 a
911 2714 1008 2741 pastore
1028 2708 1107 2739 P2(T)
1225 2717 1271 2739 qna
1294 2709 1314 2731 Τ
1427 2710 1455 2732 31
1480 2706 1599 2740 tonitruo]
1618 2715 1665 2732 om.
1688 2708 1708 2729 T

92 2754 122 2778 33
142 2753 236 2787 blattis]
259 2754 366 2785 P¹GLT,
389 2756 478 2778 ablatis
498 2755 532 2785 M,
554 2756 642 2778 oblatis
662 2754 697 2777 P2
802 2753 923 2786 mensam]
942 2761 995 2776 cain
1016 2754 1045 2783 (“.>)
1066 2760 1125 2776 ense
1145 2752 1164 2775 L

168 2805 298 2824 Vnsnurws
314 2805 472 2824 Fonrvnnrvs.
1486 2803 1501 2825 θ’»

1747 465 1777 496 Χ

1744 721 1791 751 XI

1742 1180 1804 1211 XII

1733 1795 1812 1825 XIII
