2038 3036
688 127 889 155 CARMINVM
909 129 979 155 LIB.
1001 129 1064 155 VII.
1633 133 1688 161 157

406 231 468 251 non
492 221 537 251 sie
559 220 701 251 inficiunt
724 221 942 261 placidissima
965 223 1062 254 mella
1084 224 1274 263 Falernum,

493 281 550 303 ceu
573 274 646 303 tuus
670 272 821 303 obdulcat
843 277 971 313 pectora
993 278 1099 305 nostra
1122 284 1224 315 sapor.

406 322 541 362 qualiter
562 322 704 354 oblectas
728 332 806 362 quos
830 333 955 365 semper
978 335 1085 356 amare
1109 325 1244 366 videris,

492 374 588 405 horae
611 373 665 413 qui
689 374 790 414 spatio
814 385 864 405 me
888 375 966 406 facis
990 386 1061 407 esse
1084 380 1193 408 tuum?

324 434 352 453 15
405 434 487 465 quae
510 424 567 456 tibi
591 425 631 456 sit
653 424 752 456 virtus
777 425 803 456 si
827 435 969 466 possem7
998 427 1130 467 prodere
1154 428 1287 461 vellem:

491 476 549 507 sed
572 486 669 516 parvo
692 475 820 516 ingenio
844 487 961 516 magna
983 478 1100 509 referre
1125 482 1223 510 vetor.

405 527 540 567 exignus
563 527 664 558 titubo
687 530 844 558 tantarum
869 528 1007 568 pondere
1031 529 1179 569 laudum,

491 577 548 609 sed
571 578 685 609 melius
709 578 836 618 gradior
860 589 953 619 quem
977 583 1030 610 tua
1055 580 1139 611 facta
1162 586 1286 621 regunt.

406 629 568 660 Massiliae
592 629 703 661 ductor
726 629 833 661 felicia
856 633 928 661 vota
953 631 1069 662 dedisti

322 691 349 709 κω
490 683 705 720 rectoremque
729 690 820 711 suum
845 680 940 712 laude
964 692 1102 722 perenne
1126 683 1237 720 refert3

404 732 454 763 hic
476 731 534 762 tibi
558 731 713 762 consimili
736 732 847 762 merito
871 732 1043 763 Germania
1066 734 1206 773 plaudit,

490 782 579 813 cuius
602 783 644 813 ad
668 782 795 814 laudem
820 786 918 814 certat
943 787 1073 824 uterque
1098 785 1195 815 locus.

404 834 443 865 (le
466 833 606 865 bonitate
629 837 684 865 tua
707 834 746 864 lis
770 837 818 865 est
842 834 980 874 regionis
1004 838 1171 875 utraeque:

490 888 521 916 te
544 885 623 926 petit
644 885 702 916 illa
725 885 805 924 sibi,
833 885 912 916 haee
935 885 1072 917 retinere
1096 886 1191 927 cupit.

320 946 349 965 25
402 935 556 968 iustitiam
580 946 702 976 pauper
724 946 897 976 numquam
920 940 951 968 te
975 936 1079 968 iudice
1103 937 1224 977 perdit,

488 997 548 1018 nec
569 987 684 1028 poterit
706 987 807 1028 pretio
832 990 954 1019 vertere
978 998 1054 1019 vera
1077 991 1200 1028 potens.

402 1049 466 1070 non
489 1038 569 1078 ligat
591 1038 768 1078 inmunem7
796 1049 858 1069 non
882 1038 978 1070 soluit
1000 1049 1104 1079 poena
1126 1042 1309 1079 nocentem⁷

488 1089 533 1120 nil
556 1099 692 1130 persona
715 1089 800 1130 capit
823 1089 849 1120 si
874 1099 931 1120 sua
955 1100 1052 1121 causa
1076 1094 1182 1130 neget.

403 1140 523 1171 lumina
547 1140 649 1171 cordis
672 1140 789 1179 habes⁷
816 1140 914 1171 animi
938 1141 1082 1172 radiante
1106 1142 1253 1180 lucerna7

319 1205 347 1221 κω
489 1195 520 1223 et
542 1195 615 1223 tuus
639 1195 769 1223 aeterna
793 1192 862 1223 luce
887 1195 1030 1223 coruscat
1052 1203 1146 1233 apex.

402 1242 530 1283 ingenio
554 1246 690 1274 torrente
714 1243 830 1283 loquax
855 1242 894 1274 de
918 1242 1004 1274 fonte
1028 1244 1148 1274 salubri

489 1294 681 1334 divitiasque
704 1294 774 1335 pias
798 1304 850 1325 ore
874 1293 992 1325 fluente
1016 1294 1111 1335 rigas.

403 1345 429 1376 si
452 1345 565 1377 videas
588 1345 727 1385 aliquem
751 1345 909 1376 defectum
934 1345 1013 1376 forte
1037 1346 1162 1383 labore,

487 1396 581 1427 Nilus
605 1399 640 1427 ut
661 1396 861 1437 Aegyptum,
888 1396 933 1427 sic
955 1400 1011 1428 tua
1034 1397 1145 1437 lingua
1168 1397 1269 1437 fovet7

318 1461 348 1479 :35
402 1448 456 1488 qui
479 1447 598 1489 patrias
622 1448 712 1487 leges
735 1447 818 1479 intra
840 1451 896 1479 tua
918 1451 1047 1488 pectora
1070 1448 1210 1480 condens

488 1499 650 1540 inplicitae
674 1508 791 1530 causae
815 1500 939 1531 solvere
963 1500 1017 1530 fila
1041 1502 1142 1540 potes.

402 1551 540 1582 assiduis
564 1550 667 1591 epulis
691 1553 832 1591 saturas7
859 1551 1058 1591 venerande,
1086 1554 1248 1589 catervas5

489 1605 520 1633 et
542 1602 683 1643 repletus
707 1602 773 1633 abit
796 1601 849 1642 qui
872 1605 927 1633 tua
949 1605 1034 1633 tecta
1056 1602 1145 1643 petit.

402 1653 427 1685 si
452 1653 542 1685 venis
565 1653 598 1684 in
622 1662 768 1694 campos,
796 1653 840 1684 ibi
863 1653 955 1694 plebs
979 1654 1143 1694 pascenda
1166 1654 1298 1685 recurrit

318 1716 347 1735 Ἰιο
488 1704 753 1745 consequiturque
778 1714 852 1736 suas
875 1708 906 1736 te
930 1705 1108 1736 comitando
1133 1705 1243 1747 dapes.

403 1760 477 1788 vota
500 1756 584 1788 feras
608 1756 728 1787 cunctis
752 1766 808 1797 per
833 1756 963 1788 saecula
987 1757 1084 1797 longa
1107 1760 1268 1798 superstes

488 1811 519 1839 et
541 1817 673 1839 maneas
696 1808 805 1849 populi
829 1818 956 1849 semper
978 1808 1009 1839 in
1033 1818 1086 1840 ore
1109 1812 1233 1850 potens.

139 1998 165 2022 ll
189 1999 380 2029 placidissimam
402 1998 421 2020 C
524 1996 608 2030 mella]
629 1998 738 2020 membra
757 1997 777 2020 L
882 1998 1013 2021 fallernnm
1029 1998 1069 2028 (il,
1091 1999 1213 2021 salernum
1230 1998 1264 2021 M¹
1279 2006 1338 2021 corr.
1356 1998 1390 2020 M¹
1500 1999 1538 2022 155.
1558 1998 1585 2021 1⁴
1606 2006 1653 2022 om.
1671 1999 1692 2020 P

73 2042 101 2065 13
120 2049 167 2072 quo
187 2042 227 2065 CR
334 2041 362 2065 14
382 2042 441 2064 facit
457 2042 477 2064 G
584 2041 613 2064 15
633 2048 729 2070 possem
744 2039 777 2072 D]
797 2048 896 2070 possum
912 2041 941 2070 F,
962 2042 1054 2071 possim
1073 2042 1127 2065 rell.
1237 2041 1265 2064 17
1286 2042 1345 2064 tubo
1360 2041 1382 2063 D
1490 2040 1587 2064 15-24
1606 2048 1654 2063 om.
1670 2040 1691 2063 P

73 2084 101 2108 19
121 2085 229 2108 masiliae
249 2084 302 2114 DR,
325 2085 426 2113 masylie
448 2085 467 2106 C
581 2084 672 2107 feracia
691 2084 712 2106 R
829 2084 860 2107 20
880 2085 929 2107 sert
948 2084 972 2106 D
1095 2084 1126 2107 22
1147 2083 1258 2116 laudem]
1277 2084 1375 2107 auidem
1395 2084 1419 2105 D
1536 2084 1651 2113 uterique
1672 2084 1691 2105 C

71 2126 102 2151 25
123 2128 266 2157 (numquam
289 2127 361 2155 CGL)
464 2127 539 2150 iudici
558 2127 580 2149 P
676 2124 769 2158 perdit]
789 2127 859 2156 cupit
878 2127 898 2149 L
1005 2126 1035 2149 ‘27
1057 2127 1118 2156 liger
1138 2128 1160 2149 D
1267 2129 1395 2149 inmunem
1416 2125 1493 2157 AGL]
1512 2127 1614 2148 inmune
1631 2126 1655 2147 D

71 2169 130 2202 non]
149 2178 193 2194 nec
216 2169 247 2192 0¹2
350 2177 429 2199 poene
450 2170 470 2192 L
586 2169 617 2192 28
637 2170 715 2199 capit:
737 2177 781 2199 cap
801 2171 816 2192 i.
839 2177 886 2192 rus.
912 2171 921 2191 1
943 2177 976 2192 m.
999 2169 1020 2191 Ρ
1123 2177 1183 2193 sua*
1207 2170 1275 2198 (eras.
1299 2170 1320 2198 e)
1345 2170 1364 2191 C
1475 2168 1506 2191 29
1526 2169 1603 2191 hams
1622 2168 1654 2190 Αἱ

72 2213 181 2235 radiente
201 2213 265 2243 DG¹‚
288 2213 399 2235 rediante
419 2212 440 2235 P
567 2214 592 2235 in
613 2212 632 2234 G
648 2213 701 2242 finit
720 2212 740 2241 fr
763 2214 820 2242 104,
842 2212 928 2235 deinde
947 2212 1011 2240 folia
1032 2213 1080 2235 105
1099 2215 1120 2234 et
1140 2214 1189 2235 106
1212 2212 1240 2241 (c.
1262 2214 1285 2237 5,
1309 2213 1340 2235 30
1359 2225 1392 2228 —
1411 2213 1435 2241 7,
1457 2213 1480 2240 6)
1503 2213 1564 2234 inter
1582 2218 1606 2233 se
1624 2218 1689 2233 com—

71 2258 163 2278 mutata
181 2259 238 2279 sun-t
342 2256 373 2278 30
393 2257 474 2278 lucem
491 2255 509 2280 C
611 2255 639 2278 31
662 2255 746 2284 loquas
761 2255 783 2277 P
885 2255 916 2278 :52
937 2255 1090 2284 diuitiasqne
1104 2254 1169 2287 pias]
1188 2255 1246 2283 fort.
1263 2256 1364 2277 diuitias
1378 2262 1448 2277 ueras
1553 2254 1584 2276 35
1605 2254 1688 2282 legen

73 2299 141 2327 (erae.
158 2299 181 2328 n)
205 2298 224 2321 C
327 2298 412 2321 condis
433 2298 453 2320 L
559 2297 590 2320 36
614 2298 749 2327 (implicitae
764 2298 794 2327 A)
902 2300 972 2327 potes
994 2298 1057 2320 PBL
1076 2296 1147 2329 Vem]
1166 2299 1231 2327 potis
1252 2297 1332 2326 ΛΟΜ,
1355 2300 1444 2327 potens
1464 2297 1494 2325 Ῑ),
1517 2299 1597 2325 potest
1611 2296 1654 2318 (1¹1ss

68 2343 123 2370 post
141 2341 171 2364 37
192 2343 217 2364 ἰπ
234 2341 253 2364 V
270 2343 292 2364 et
309 2343 365 2364 item
385 2343 411 2364 ι’π,
428 2341 485 2364 Ven.
508 2342 616 2370 sequitur
638 2341 710 2370 VIII,
732 2342 755 2368 3,
777 2340 818 2363 86.
858 2340 930 2363 huius
949 2342 1065 2363 carminis
1084 2341 1140 2370 finis
1160 2342 1184 2363 in
1203 2341 1221 2362 V
1238 2341 1292 2363 Vm.
1313 2342 1366 2369 post
1391 2340 1430 2367 VJ,
1452 2341 1476 2367 5,
1499 2340 1547 2361 ‘275
1570 2339 1610 2361 ubi
1635 2338 1688 2361 vide

71 2383 111 2407 39.
132 2384 163 2407 40
182 2392 228 2406 om.
246 2384 267 2406 P
371 2384 403 2407 40
422 2384 554 2406 comitante
575 2383 605 2405 Fl
710 2383 739 2406 41
762 2382 869 2414 cunctis]
890 2384 977 2406 multis
997 2383 1019 2405 1>
1121 2384 1243 2412 superstis
1267 2382 1318 2411 GM,
1342 2383 1462 2411 suprestis
1478 2382 1507 2409 A,
1529 2383 1654 2410 snpertest
1669 2381 1688 2402 1c

71 2425 102 2449 42
121 2425 172 2459 ore]
191 2427 247 2449 orbe
268 2427 289 2449 P
391 2427 482 2450 subscr.
505 2434 528 2449 v,
549 2433 605 2449 xm
626 2426 723 2448 ACMD
828 2428 853 2448 in
875 2426 895 2447 P
911 2429 963 2455 post
985 2429 994 2449 l
1016 2433 1113 2448 *versum
1131 2433 1237 2449 ὐαςιιίιιιι
1257 2427 1363 2455 sequitur
1381 2433 1401 2447 c.
1423 2425 1455 2447 VI
1474 2426 1524 2446 sine
1544 2425 1613 2446 titulo
