2038 3036
57 670 82 689 10

56 927 82 946 15

54 1184 82 1203 20

56 1442 84 1461 25

59 1699 87 1719 30

57 1958 86 1976 35

60 2215 88 2234 40

682 106 775 132 VITA
796 107 930 133 SANCTI
950 108 1132 134 GERMANI.
1677 115 1713 143 19

102 198 277 230 anhelitum
301 198 447 229 mobilem
472 199 641 239 respiraret
664 200 832 240 infantula⁷
859 201 901 232 ad
926 203 1026 234 sancti
1049 203 1107 233 viri
1130 204 1343 243 praesentiam
1361 207 1425 235 tota
1442 205 1606 236 committit
1622 216 1714 246 prae-

103 250 193 281 sidia.
247 251 328 289 (100)
358 249 418 287 Qui
446 260 501 290 per
524 250 654 281 missum
679 251 846 290 invitatus⁷
880 256 1030 292 quantum
1055 254 1140 285 valet
1163 255 1204 285 ad
1228 256 1444 287 conclamatae
1469 256 1594 296 puellae
1619 257 1715 287 cada—

102 311 207 332 verem
239 304 398 341 properat.
446 301 607 341 Exceptus
639 302 745 334 multis
776 302 902 334 fletibus
933 304 1118 345 deplorante
1150 305 1272 336 familia
1295 306 1526 347 adpropinquat
1550 308 1710 347 subsellio⁷

102 362 164 392 quo
194 352 257 383 iam
288 352 412 392 rigebat
442 352 612 383 infantula.
661 353 792 384 Caelum
823 354 885 384 vim
915 355 989 386 facit
1013 356 1187 396 questibus.
1241 358 1321 397 (101)
1351 358 1430 389 Fere
1455 362 1613 389 transacto
1637 359 1716 390 inter

103 403 182 434 haec
205 403 298 434 unius
321 403 417 434 horae
442 403 544 444 spatio
568 404 676 434 mobili
701 404 840 444 singultu
865 405 958 436 flatus
982 407 1109 447 puellae
1134 407 1302 447 reducitur⁷
1331 409 1486 440 viscerum
1508 409 1613 440 vitalis
1630 411 1716 441 calor

103 464 158 495 per
181 455 321 485 membra
345 454 543 486 diffunditur.
591 455 714 486 Dehine
737 456 890 496 paulatim
916 458 1056 488 animata
1080 462 1185 498 potum
1210 460 1371 499 poposcit.
1398 464 1431 490 ut
1456 460 1586 491 biberet.
1635 462 1714 491 Tum

102 517 121 537 a
150 506 243 537 beato
274 505 340 536 viro
371 516 453 546 pane
486 506 610 545 signato
642 507 691 537 vel
717 507 816 538 calice
841 507 1007 547 degustato
1031 509 1206 540 infantulae
1230 514 1397 541 revocatae
1421 511 1459 542 de
1483 512 1593 543 funere
1617 515 1715 543 totum

102 557 233 588 vertitur
261 557 293 588 in
324 557 471 588 salutem.
520 557 609 595 Quae
639 562 710 598 post
737 558 769 588 in
792 559 982 590 monasterio
1007 560 1120 591 beatae
1144 561 1350 601 Radegundis
1374 562 1523 593 felicioris
1546 563 1629 594 vitae
1653 567 1716 594 101·-

102 608 219 639 minum
244 609 483 639 consummavit.

194 661 273 699 (102)
304 659 439 697 Quidam
469 660 603 691 clericus
635 660 766 691 deiuxta
797 661 988 692 monasterio
1020 662 1104 693 beati
1129 662 1273 693 silvestri
1304 663 1337 693 111
1361 663 1622 695 Ternoderinsem
1647 675 1715 695 eum

103 711 153 742 die
178 711 350 749 dominico7
386 714 420 742 ut
443 711 601 751 loquimur
624 721 663 742 ex
687 712 932 747 consuetudine,
968 713 1088 753 caligas
1113 714 1312 749 circinasset,
1348 714 1543 746 debilitatem
1567 727 1715 747 manuum

102 762 153 793 vel
177 762 291 802 pedum
316 762 456 793 incurrit.
497 763 561 794 Sed
584 762 623 794 de
647 763 741 793 beato
766 763 919 794 Silvestro
944 774 1072 804 gressus
1096 765 1216 805 recepit
1239 765 1387 803 officium7
1416 776 1471 806 per
1494 776 1635 806 soporem
1660 767 1717 797 ad-

102 813 238 845 monitus
270 813 404 845 occurrit
434 817 542 845 sancto
568 814 726 845 Germano
759 824 894 855 poscens
925 816 1036 846 salutis
1068 816 1288 856 conpendium.
1342 817 1422 855 (102)
1450 816 1477 847 A
1501 827 1560 856 quo
1584 817 1717 849 interro—

102 868 196 905 gatus
227 875 355 896 causam
388 865 500 906 culpae
534 865 700 896 confessus
731 869 788 896 est.
838 866 918 896 Tum
950 866 1085 906 imperat
1108 866 1221 897 clerico
1246 870 1279 898 ut
1302 867 1452 898 clamaret
1475 878 1531 908 per
1554 869 1714 908 populum,

102 925 141 946 ne
171 915 242 955 quis
271 920 389 947 temere
419 917 471 948 die
501 920 685 958 operaretur
715 917 880 948 dominico.
929 916 998 954 Quo
1028 918 1135 957 quinto
1167 918 1217 948 die
1248 922 1423 957 transacto,
1460 919 1625 959 superfuso
1649 920 1717 950 oleo

104 967 220 998 debilis
244 968 352 1008 palma
376 968 530 1009 redigitur
554 972 584 1000 et
607 968 649 999 ad
672 968 799 1009 propria
823 968 919 999 eundi
944 979 1014 1000 cum
1040 969 1186 1000 libertate
1211 969 1386 1001 dimittitur.

192 1020 273 1059 (104)
301 1020 337 1050 In
369 1030 452 1060 pago
476 1020 669 1051 Amoniense
698 1019 783 1060 quod
813 1023 937 1060 gestum
967 1023 1015 1051 cst
1038 1020 1217 1061 replicetur.
1266 1021 1414 1052 Roteiaco
1438 1021 1514 1052 villa
1538 1021 1717 1053 Parisiacae

103 1070 258 1101 ecclesiae
290 1074 409 1112 septem
443 1071 472 1102 ei
501 1071 559 1102 viri
591 1071 826 1102 debacchantes
858 1071 955 1102 oblati
980 1075 1061 1102 sunt.
1109 1071 1230 1109 Quibus
1255 1072 1369 1103 curatis
1393 1082 1474 1103 unus
1498 1073 1550 1112 qui
1574 1073 1718 1113 ἔνι-1111010

102 1121 276 1153 vexabatur
307 1123 420 1163 spiritu
451 1132 520 1153 cum
552 1123 637 1154 exire
670 1126 852 1163 cogeretur,
886 1123 1002 1154 homini
1029 1123 1079 1154 dei
1105 1123 1267 1163 professus
1291 1127 1352 1162 est7
1388 1124 1520 1164 expulso
1544 1134 1578 1155 se
1602 1125 1641 1155 de
1664 1125 1718 1155 illo

103 1173 169 1203 1000
203 1183 334 1213 gravem
368 1174 626 1206 lamentationem
658 1174 827 1205 Parisiacis
863 1174 978 1205 facere.
1044 1176 1125 1213 xl⁰5f³
1158 1175 1248 1205 Tunc
1278 1174 1389 1215 fugata
1420 1175 1518 1215 pestis
1549 1175 1587 1206 de
1619 1176 1719 1206 sancti

104 1224 253 1255 Germani
288 1225 423 1256 transitu
458 1225 575 1256 famam
606 1226 689 1257 fudit
718 1236 774 1266 per
804 1226 939 1266 populos
971 1229 1002 1256 et
1032 1225 1168 1266 pastoris
1200 1235 1256 1266 pro
1285 1226 1371 1257 obitu
1401 1236 1530 1266 gregem
1561 1227 1657 1257 movit
1686 1227 1718 1257 in

102 1274 188 1306 fletu.
237 1276 297 1314 Qui
327 1280 434 1308 tamen
463 1277 681 1318 inerguminus
714 1277 773 1308 etsi
798 1277 965 1308 seminavit
987 1277 1203 1315 mendacium⁷
1239 1277 1390 1318 expulsus
1413 1288 1475 1309 11011
1499 1277 1641 1309 defendit
1664 1278 1720 1309 ob-

104 1336 240 1358 sessum.

194 1380 274 1419 (106)
303 1380 342 1411 Et
376 1380 448 1420 quia
482 1380 556 1411 iusti
591 1390 688 1421 opera
723 1390 864 1411 crescere
899 1380 1055 1420 cogebant
1085 1380 1251 1418 miracula7
1290 1379 1366 1411 item
1396 1379 1428 1410 111
1460 1381 1620 1420 praedicto
1652 1381 1718 1412 loco

104 1430 232 1461 offertur
262 1431 291 1462 ei
322 1432 535 1473 paralyticus,
571 1432 720 1463 membris
754 1432 943 1469 dissolutus,
979 1435 1127 1471 carpento
1152 1431 1338 1470 subvectus7
1373 1440 1483 1470 gressu
1508 1431 1669 1462 distitutus
1692 1435 1723 1462 et

105 1485 187 1513 actu.
229 1482 329 1519 Quem
355 1483 543 1515 sanctificati
568 1484 629 1514 olei
655 1484 776 1523 liquore
801 1483 940 1523 perfuso,
968 1493 1037 1513 cum
1063 1485 1165 1513 cutem
1186 1491 1340 1512 summam
1357 1482 1524 1521 tetigisset,
1552 1482 1641 1521 vigor
1657 1492 1722 1513 me-

104 1533 210 1564 dullas
240 1534 369 1566 introiit.
433 1536 514 1575 (107)
544 1535 668 1566 Dehinc
699 1535 861 1566 redivivae
893 1544 1005 1564 manus
1037 1534 1080 1564 ad
1110 1543 1200 1564 usum
1231 1534 1379 1564 mobilem
1410 1533 1556 1569 redeunt„
1596 1534 1722 1564 thorace

104 1585 241 1626 pectoris
273 1586 363 1617 vitali
393 1587 548 1628 adpulsus
579 1586 614 1618 fit
643 1586 769 1626 fortior7
804 1596 910 1625 genua
942 1584 1134 1616 columnaris
1167 1584 1358 1615 inbecillitas
1382 1585 1559 1623 roboratur,
1593 1585 1722 1625 plantae

105 1637 259 1669 solidatae
289 1638 401 1669 baside
432 1638 650 1678 subriguntur:
698 1638 785 1669 Inter
808 1638 886 1668 haee
911 1640 977 1668 tota
1001 1637 1211 1667 menibiorum
1236 1636 1356 1667 fabrica
1379 1639 1558 1676 reparatur:
1595 1636 1647 1675 qui
1672 1646 1723 1667 sa-

106 1688 205 1720 nitate
236 1692 382 1730 recepta⁷
417 1690 570 1721 redeunte
602 1693 709 1721 sancto
742 1690 825 1728 viro,
862 1688 997 1720 occurrit
1026 1688 1057 1718 in
1086 1688 1197 1719 itinere
1229 1691 1418 1728 praeparato
1442 1688 1568 1726 exenio,
1604 1687 1723 1727 gratias

105 1739 230 1771 Christo
254 1741 395 1772 referens
420 1741 458 1772 de
483 1741 607 1772 reddito
632 1740 828 1782 corpusculo.

195 1792 278 1832 (103)
306 1792 374 1823 Nec
397 1792 456 1823 1100
480 1792 748 1833 praetereundum
772 1794 835 1829 est⁷
872 1790 1009 1830 qualiter
1032 1789 1137 1821 simile
1161 1789 1272 1820 merito
1296 1790 1408 1821 claruit
1431 1790 1530 1821 virtus
1554 1790 1585 1820 in
1609 1790 1718 1821 altero.

105 1843 208 1883 Igitur
231 1844 466 1884 Emmegiselus
495 1844 533 1875 de
557 1844 627 1875 vico
651 1843 806 1874 Bucciaco
831 1842 960 1882 quidum
986 1852 1064 1883 puer
1088 1841 1258 1872 admodum
1283 1842 1435 1882 parvulus
1458 1841 1606 1872 membris
1630 1852 1725 1882 para-

106 1895 222 1935 lyticus
256 1895 288 1926 111
321 1896 402 1926 cella
432 1895 574 1926 Parisius
604 1895 646 1926 ad
676 1899 819 1925 sanctum
851 1894 950 1925 virum
984 1893 1131 1924 manibus
1161 1892 1368 1924 baiolantium
1399 1892 1524 1923 delatus
1554 1896 1611 1923 est.
1658 1892 1725 1923 Nec

107 1946 219 1978 dextra
248 1947 360 1987 vigens
391 1947 509 1978 mobile
540 1957 599 1978 nec
629 1947 740 1987 planta
772 1955 905 1986 surgens
936 1945 1049 1977 stabile
1079 1954 1137 1976 nec
1170 1944 1281 1984 lingua
1312 1954 1427 1975 sonans
1453 1944 1608 1983 volubile,
1642 1947 1724 1974 totus

107 1998 282 2030 debilitatis
314 2008 453 2029 marcore
482 1999 644 2039 captivus7
681 1997 912 2038 quodammodo
938 1997 1005 2028 sine
1028 2000 1161 2027 naturae
1185 1995 1294 2026 ordine
1317 1995 1349 2026 in
1372 2006 1474 2026 rerum
1498 1999 1610 2026 natura
1633 2005 1725 2035 prae—

108 2049 208 2080 fusus.
262 2051 341 2089 (109)
372 2050 472 2087 Quem
497 2049 703 2081 continuatim
728 2059 783 2090 per
806 2049 944 2080 triduum
969 2058 1057 2079 sacro
1081 2048 1195 2078 liniens
1219 2047 1298 2086 01007
1326 2046 1454 2077 sanitati
1478 2046 1646 2077 restituens
1663 2056 1724 2076 uno

108 2101 166 2132 sub
190 2105 348 2132 momento
372 2111 466 2141 voce⁷
493 2112 605 2140 manu,
633 2101 786 2141 vestigio,
815 2103 943 2132 cunctos
968 2103 1077 2140 stupor
1099 2098 1309 2139 amplectitur,
1339 2098 1458 2129 clamor
1480 2097 1513 2128 in
1535 2097 1621 2128 caelo
1646 2097 1723 2127 edu-

107 2152 194 2192 citur,
223 2163 347 2184 omnem
371 2157 470 2184 artem
495 2153 688 2184 medicorum
712 2155 856 2183 sanctum
882 2161 1051 2192 superasse
1077 2150 1280 2181 Germanum.

198 2206 278 2245 (110)
307 2204 386 2236 Item
411 2204 450 2236 de
474 2204 543 2236 vico
566 2204 721 2236 Bucciaco
745 2203 874 2244 quidam
898 2203 1031 2234 occurrit
1054 2201 1194 2233 Par-isius
1218 2201 1262 2232 ita
1284 2210 1380 2231 manu
1404 2203 1578 2239 contracta,
1608 2203 1641 2231 ut
1663 2209 1721 2230 un—

198 2316 208 2340 1
230 2318 314 2340 mobili
334 2317 355 2340 P
475 2317 489 2341 2
509 2316 665 2349 cadauerem]
686 2318 712 2347 P,
735 2316 769 2345 cf.
788 2324 813 2346 1⁷-
838 2318 877 2345 21,
900 2317 916 2338 Z.
938 2316 970 2338 33
1094 2314 1108 2337 3
1129 2314 1278 2337 subsellium
1298 2313 1317 2335 G*
1433 2312 1447 2335 4
1467 2310 1571 2343 rigebat]
1594 2311 1633 2341 G‘l,
1656 2319 1725 2340 roge-

108 2361 148 2382 bat
170 2359 189 2382 P
338 2358 472 2392 infantula]
492 2362 518 2383 in
536 2368 584 2389 my.
606 2360 663 2383 add.
686 2359 722 2382 1³2
873 2359 938 2381 caelo
957 2358 1008 2380 uim
1028 2358 1121 2380 faciens
1145 2355 1176 2379 (1¹2
1325 2358 1474 2378 transactum
1493 2368 1526 2371 —-
1546 2355 1559 2377 5
1579 2355 1685 2384 spatium
1706 2354 1726 2376 1’

109 2402 123 2425 6
142 2403 288 2426 defunditur
310 2403 328 2425 P
441 2403 455 2426 8
475 2404 634 2433 rathegundis
654 2403 675 2425 P
792 2402 821 2425 10
841 2398 1048 2432 ternoderinsem]
1068 2400 1097 2430 P,
1119 2400 1308 2422 ternoderinsim
1331 2399 1351 2420 G
1466 2397 1495 2420 12
1515 2398 1652 2420 incucurrit
1671 2397 1690 2419 G

108 2446 183 2469 officii
204 2445 234 2468 Ι)1
342 2446 371 2469 16
391 2447 517 2476 redigetur
536 2447 566 2477 P,
586 2446 698 2469 redditur
720 2446 748 2475 G,
770 2446 885 2474 dirigitur
906 2444 1027 2467 Mabz'tton
1132 2442 1252 2465 redeundi
1274 2442 1294 2464 P
1406 2440 1434 2463 17
1454 2438 1569 2471 roteiaco]
1589 2440 1639 2470 PG,
1660 2442 1724 2462 rote-

108 2490 174 2518 giaco
193 2490 273 2519 vuly.‚
293 2489 326 2518 ef.
340 2498 366 2519 p.
385 2490 425 2519 ΞΖ),
447 2490 462 2512 l.
480 2490 510 2512 94
616 2489 648 2512 20
668 2486 808 2520 parisiacis]
827 2495 852 2510 se
872 2487 929 2510 odd.
945 2488 965 2509 (ι’
1071 2485 1099 2509 21
1123 2486 1185 2508 fama
1200 2484 1230 2507 Ρι
1335 2483 1366 2507 22
1387 2481 1458 2515 fletu]
1476 2482 1505 2505 121
1610 2481 1641 2506 24
1661 2483 1726 2517 idem

108 2532 130 2554 P
261 2532 292 2556 25
313 2533 416 2556 distitus
436 2532 457 2555 P
587 2532 618 2555 26
639 2535 708 2555 cutes
728 2539 823 2554 summa
845 2530 865 2552 P
995 2529 1026 2552 27
1048 2529 1131 2551 mobili
1151 2527 1181 2549 Ρ1
1313 2526 1343 2550 28
1364 2526 1466 2555 adpulsu
1487 2525 1506 2547 G
1634 2515 1726 2553 genua]

109 2575 159 2605 PG,
189 2578 223 2598 est
248 2583 300 2598 acc.
325 2582 440 2605 9raecus,
471 2583 580 2604 genuum
607 2575 728 2598 Mabillon
752 2575 851 2597 coniecit
992 2572 1022 2595 2‘.)
1042 2569 1136 2603 baside]
1164 2571 1190 2599 P,
1222 2571 1305 2592 basim
1326 2569 1353 2599 G7
1384 2568 1419 2597 cf.
1440 2576 1514 2591 carm.
1543 2568 1612 2597 l'III,
1636 2567 1690 2595 ΓΝ,
1713 2569 1727 2590 2

110 2617 138 2641 31
160 2619 259 2641 reducto
279 2618 309 2641 Pl
415 2618 446 2641 33
465 2620 567 2642 buciaco
587 2618 608 2640 P
724 2617 755 2640 34
776 2618 835 2640 sella
857 2617 930 2645 cuiq..
954 2616 986 2644 cf.
1007 2623 1031 2644 p.
1055 2616 1096 2642 20,
1118 2614 1135 2636 Z.
1158 2615 1185 2635 41
1294 2610 1341 2644 est]
1361 2618 1404 2641 per
1423 2611 1531 2633 trid-ium
1552 2618 1618 2637 uoce,
1641 2617 1723 2638 mauu,

110 2662 226 2690 uestigio,
249 2665 346 2691 stupore
366 2663 516 2692 concutitur,
538 2669 620 2684 rumor
639 2662 665 2683 iri
685 2664 767 2690 partes
788 2661 893 2687 tollitur,
914 2659 1003 2687 gratias
1023 2657 1123 2679 creatori
1145 2657 1280 2678 reserentes
1300 2655 1423 2677 hominem
1443 2662 1456 2676 a
1475 2660 1522 2683 quo
1536 2654 1624 2675 morbis
1638 2654 1728 2681 iugiter

110 2707 134 2727 et
152 2705 272 2728 mortibus
292 2706 427 2734 imperetur
446 2705 503 2729 add.
524 2705 552 2734 P,
574 2712 586 2727 e
605 2704 760 2733 sequentibus
778 2704 888 2732 repetita,
909 2702 944 2731 cf.
964 2709 989 2730 p.
1014 2702 1051 2728 19.
1075 2700 1091 2721 l.
1113 2700 1144 2721 3?
1165 2701 1185 2721 et
1203 2706 1228 2727 p.
1251 2700 1290 2727 2’0,
1313 2698 1328 2721 l.
1351 2698 1382 2720 :29
1488 2696 1518 2719 :56
1538 2693 1727 2726 quodammodo]

110 2747 173 2776 quod
192 2747 222 2769 ad
241 2748 340 2770 modum
360 2748 381 2770 P
483 2749 599 2777 perfusus
620 2747 642 2769 P
749 2745 780 2768 :38
800 2746 894 2768 cunctis
914 2745 936 2766 P
1038 2740 1113 2774 caelo]
1134 2742 1155 2763 P

1486 2789 1522 2813 3*

1742 666 1862 696 XXXV

1742 1023 1879 1053 XXXVI

1743 1381 1898 1411 XXXVII

1745 1790 1915 1821 XXXVIII

1744 2200 1885 2231 XXXIX
