<?xml version="1.0" encoding="UTF-8"?>
<!DOCTYPE html PUBLIC "-//W3C//DTD XHTML 1.0 Transitional//EN"
    "http://www.w3.org/TR/xhtml1/DTD/xhtml1-transitional.dtd">
<html xmlns="http://www.w3.org/1999/xhtml" xml:lang="en" lang="en">
 <head>
  <title>
</title>
<meta http-equiv="Content-Type" content="text/html;charset=utf-8" />
  <meta name='ocr-system' content='tesseract 3.04.00' />
  <meta name='ocr-capabilities' content='ocr_page ocr_carea ocr_par ocr_line ocrx_word'/>
</head>
<body>
  <div class='ocr_page' id='page_1' title='image "./monumentagermani04geseuoft/monumentagermani04geseuoft_0601.png"; bbox 0 0 2038 3036; ppageno 0'>
   <div class='ocr_carea' id='block_1_1' title="bbox 103 650 130 669">
    <p class='ocr_par' dir='ltr' id='par_1_1' title="bbox 103 650 130 669">
     <span class='ocr_line' id='line_1_1' title="bbox 103 650 130 669; baseline 0.037 -1"><span class='ocrx_word' id='word_1_1' title='bbox 103 650 130 669; x_wconf 85' lang='lat'>10</span> 
     </span>
    </p>
   </div>
   <div class='ocr_carea' id='block_1_2' title="bbox 103 904 130 923">
    <p class='ocr_par' dir='ltr' id='par_1_2' title="bbox 103 904 130 923">
     <span class='ocr_line' id='line_1_2' title="bbox 103 904 130 923; baseline 0 0"><span class='ocrx_word' id='word_1_2' title='bbox 103 904 130 923; x_wconf 76' lang='lat'>15</span> 
     </span>
    </p>
   </div>
   <div class='ocr_carea' id='block_1_3' title="bbox 99 1558 128 1578">
    <p class='ocr_par' dir='ltr' id='par_1_3' title="bbox 99 1558 128 1578">
     <span class='ocr_line' id='line_1_3' title="bbox 99 1558 128 1578; baseline 0.034 -1"><span class='ocrx_word' id='word_1_3' title='bbox 99 1558 128 1578; x_wconf 82' lang='lat'>20</span> 
     </span>
    </p>
   </div>
   <div class='ocr_carea' id='block_1_4' title="bbox 743 87 1759 121">
    <p class='ocr_par' dir='ltr' id='par_1_4' title="bbox 743 87 1759 121">
     <span class='ocr_line' id='line_1_4' title="bbox 743 87 1759 121; baseline 0.008 -8"><span class='ocrx_word' id='word_1_4' title='bbox 743 87 835 114; x_wconf 88' lang='lat' dir='ltr'>VITA</span> <span class='ocrx_word' id='word_1_5' title='bbox 854 89 969 115; x_wconf 89' lang='lat' dir='ltr'><strong>BEATI</strong></span> <span class='ocrx_word' id='word_1_6' title='bbox 988 89 1172 116; x_wconf 83' lang='lat' dir='ltr'>MAVRILII.</span> <span class='ocrx_word' id='word_1_7' title='bbox 1711 94 1759 121; x_wconf 72' lang='lat'>101</span> 
     </span>
    </p>
   </div>
   <div class='ocr_carea' id='block_1_5' title="bbox 150 179 1768 274">
    <p class='ocr_par' dir='ltr' id='par_1_5' title="bbox 150 179 1768 274">
     <span class='ocr_line' id='line_1_5' title="bbox 150 179 1768 224; baseline 0.002 -13"><span class='ocrx_word' id='word_1_8' title='bbox 150 180 277 220; x_wconf 87' lang='lat' dir='ltr'>qualem</span> <span class='ocrx_word' id='word_1_9' title='bbox 311 180 350 211; x_wconf 92' lang='lat' dir='ltr'>de</span> <span class='ocrx_word' id='word_1_10' title='bbox 386 179 467 210; x_wconf 88' lang='lat' dir='ltr'>sacri</span> <span class='ocrx_word' id='word_1_11' title='bbox 501 179 597 210; x_wconf 83' lang='lat' dir='ltr'>fontis</span> <span class='ocrx_word' id='word_1_12' title='bbox 632 180 821 220; x_wconf 80' lang='lat' dir='ltr'>baptismate</span> <span class='ocrx_word' id='word_1_13' title='bbox 857 187 1035 223; x_wconf 74' lang='lat' dir='ltr'>sumpserat</span> <span class='ocrx_word' id='word_1_14' title='bbox 1068 184 1164 214; x_wconf 87' lang='lat' dir='ltr'>talem</span> <span class='ocrx_word' id='word_1_15' title='bbox 1198 183 1269 214; x_wconf 87' lang='lat' dir='ltr'>idus</span> <span class='ocrx_word' id='word_1_16' title='bbox 1299 183 1494 224; x_wconf 75' lang='lat' dir='ltr'><strong>Septembris</strong></span> <span class='ocrx_word' id='word_1_17' title='bbox 1529 193 1631 214; x_wconf 86' lang='lat' dir='ltr'>coram</span> <span class='ocrx_word' id='word_1_18' title='bbox 1662 184 1768 215; x_wconf 89' lang='lat' dir='ltr'>multis</span> 
     </span>
     <span class='ocr_line' id='line_1_6' title="bbox 150 230 1601 274; baseline 0.003 -13"><span class='ocrx_word' id='word_1_19' title='bbox 150 230 329 262; x_wconf 87' lang='lat' dir='ltr'>astantibus</span> <span class='ocrx_word' id='word_1_20' title='bbox 352 230 478 271; x_wconf 89' lang='lat' dir='ltr'>populis</span> <span class='ocrx_word' id='word_1_21' title='bbox 502 234 533 261; x_wconf 87' lang='lat' dir='ltr'>et</span> <span class='ocrx_word' id='word_1_22' title='bbox 556 230 760 271; x_wconf 86' lang='lat' dir='ltr'>psallentium</span> <span class='ocrx_word' id='word_1_23' title='bbox 786 232 888 264; x_wconf 87' lang='lat' dir='ltr'>choris</span> <span class='ocrx_word' id='word_1_24' title='bbox 911 234 1117 274; x_wconf 81' lang='lat' dir='ltr'>omnipotenti</span> <span class='ocrx_word' id='word_1_25' title='bbox 1141 234 1266 265; x_wconf 87' lang='lat' dir='ltr'>domino</span> <span class='ocrx_word' id='word_1_26' title='bbox 1290 234 1428 265; x_wconf 88' lang='lat' dir='ltr'>animam</span> <span class='ocrx_word' id='word_1_27' title='bbox 1453 234 1601 265; x_wconf 88' lang='lat' dir='ltr'>reddidit.</span> 
     </span>
    </p>
   </div>
   <div class='ocr_carea' id='block_1_6' title="bbox 244 281 1900 326">
    <p class='ocr_par' dir='ltr' id='par_1_6' title="bbox 244 281 1900 326">
     <span class='ocr_line' id='line_1_7' title="bbox 244 281 1900 326; baseline 0.004 -15"><span class='ocrx_word' id='word_1_28' title='bbox 244 282 320 319; x_wconf 14' lang='lat'>¹146&gt;</span> <span class='ocrx_word' id='word_1_29' title='bbox 349 281 433 312; x_wconf 87' lang='lat' dir='ltr'>Dum</span> <span class='ocrx_word' id='word_1_30' title='bbox 462 284 567 312; x_wconf 86' lang='lat' dir='ltr'>autem</span> <span class='ocrx_word' id='word_1_31' title='bbox 599 285 742 312; x_wconf 86' lang='lat' dir='ltr'>sanctum</span> <span class='ocrx_word' id='word_1_32' title='bbox 775 283 842 314; x_wconf 87' lang='lat' dir='ltr'>eius</span> <span class='ocrx_word' id='word_1_33' title='bbox 873 285 1092 324; x_wconf 74' lang='lat' dir='ltr'>corpusculum</span> <span class='ocrx_word' id='word_1_34' title='bbox 1125 284 1175 316; x_wconf 91' lang='lat' dir='ltr'>die</span> <span class='ocrx_word' id='word_1_35' title='bbox 1207 285 1308 316; x_wconf 85' lang='lat' dir='ltr'>altera</span> <span class='ocrx_word' id='word_1_36' title='bbox 1331 289 1509 326; x_wconf 87' lang='lat' dir='ltr'>portaretur</span> <span class='ocrx_word' id='word_1_37' title='bbox 1533 285 1573 316; x_wconf 89' lang='lat' dir='ltr'>ad</span> <span class='ocrx_word' id='word_1_38' title='bbox 1596 286 1763 324; x_wconf 83' lang='lat' dir='ltr'>tumulum,</span> <span class='ocrx_word' id='word_1_39' title='bbox 1790 286 1900 317; x_wconf 83' lang='lat' dir='ltr'>XXIX</span> 
     </span>
    </p>
   </div>
   <div class='ocr_carea' id='block_1_7' title="bbox 150 332 1769 465">
    <p class='ocr_par' dir='ltr' id='par_1_7' title="bbox 150 332 1769 465">
     <span class='ocr_line' id='line_1_8' title="bbox 150 332 1769 376; baseline 0.003 -14"><span class='ocrx_word' id='word_1_40' title='bbox 150 332 269 372; x_wconf 82' lang='lat' dir='ltr'>gemini</span> <span class='ocrx_word' id='word_1_41' title='bbox 293 342 331 363; x_wconf 77' lang='lat' dir='ltr'>ex</span> <span class='ocrx_word' id='word_1_42' title='bbox 355 336 443 364; x_wconf 86' lang='lat' dir='ltr'>utero</span> <span class='ocrx_word' id='word_1_43' title='bbox 466 332 577 363; x_wconf 86' lang='lat' dir='ltr'>matris</span> <span class='ocrx_word' id='word_1_44' title='bbox 602 341 678 363; x_wconf 86' lang='lat' dir='ltr'>suae</span> <span class='ocrx_word' id='word_1_45' title='bbox 703 333 789 364; x_wconf 80' lang='lat' dir='ltr'>caeci</span> <span class='ocrx_word' id='word_1_46' title='bbox 814 337 847 365; x_wconf 91' lang='lat' dir='ltr'>ut</span> <span class='ocrx_word' id='word_1_47' title='bbox 870 335 971 366; x_wconf 79' lang='lat' dir='ltr'>sancti</span> <span class='ocrx_word' id='word_1_48' title='bbox 995 335 1174 375; x_wconf 77' lang='lat' dir='ltr'>corpusculi</span> <span class='ocrx_word' id='word_1_49' title='bbox 1198 336 1334 366; x_wconf 90' lang='lat' dir='ltr'>loculum</span> <span class='ocrx_word' id='word_1_50' title='bbox 1358 340 1490 376; x_wconf 75' lang='lat' dir='ltr'>tangere</span> <span class='ocrx_word' id='word_1_51' title='bbox 1515 340 1691 376; x_wconf 68' lang='lat' dir='ltr'>potuerunt,</span> <span class='ocrx_word' id='word_1_52' title='bbox 1719 337 1769 367; x_wconf 93' lang='lat' dir='ltr'>lu-</span> 
     </span>
     <span class='ocr_line' id='line_1_9' title="bbox 150 383 1768 428; baseline 0.003 -15"><span class='ocrx_word' id='word_1_53' title='bbox 150 393 223 414; x_wconf 88' lang='lat' dir='ltr'>men</span> <span class='ocrx_word' id='word_1_54' title='bbox 253 383 337 422; x_wconf 90' lang='lat' dir='ltr'>quod</span> <span class='ocrx_word' id='word_1_55' title='bbox 366 393 527 423; x_wconf 85' lang='lat' dir='ltr'>nunquam</span> <span class='ocrx_word' id='word_1_56' title='bbox 558 383 736 415; x_wconf 79' lang='lat' dir='ltr'>habuerant</span> <span class='ocrx_word' id='word_1_57' title='bbox 766 384 806 414; x_wconf 86' lang='lat' dir='ltr'>ad</span> <span class='ocrx_word' id='word_1_58' title='bbox 838 385 1031 416; x_wconf 84' lang='lat' dir='ltr'>declaranda</span> <span class='ocrx_word' id='word_1_59' title='bbox 1055 386 1196 417; x_wconf 77' lang='lat' dir='ltr'>defuncti</span> <span class='ocrx_word' id='word_1_60' title='bbox 1221 386 1371 417; x_wconf 86' lang='lat' dir='ltr'>antistitis</span> <span class='ocrx_word' id='word_1_61' title='bbox 1396 387 1508 418; x_wconf 90' lang='lat' dir='ltr'>merita</span> <span class='ocrx_word' id='word_1_62' title='bbox 1531 387 1603 417; x_wconf 90' lang='lat' dir='ltr'>ilico</span> <span class='ocrx_word' id='word_1_63' title='bbox 1627 387 1768 428; x_wconf 88' lang='lat' dir='ltr'>recipere</span> 
     </span>
     <span class='ocr_line' id='line_1_10' title="bbox 150 437 342 465; baseline -0.005 0"><span class='ocrx_word' id='word_1_64' title='bbox 150 437 342 465; x_wconf 84' lang='lat' dir='ltr'>meruerunt.</span> 
     </span>
    </p>
   </div>
   <div class='ocr_carea' id='block_1_8' title="bbox 241 484 1883 529">
    <p class='ocr_par' dir='ltr' id='par_1_8' title="bbox 241 484 1883 529">
     <span class='ocr_line' id='line_1_11' title="bbox 241 484 1883 529; baseline 0.004 -15"><span class='ocrx_word' id='word_1_65' title='bbox 241 485 321 524; x_wconf 54' lang='lat'>(1473</span> <span class='ocrx_word' id='word_1_66' title='bbox 350 484 488 521; x_wconf 78' lang='lat' dir='ltr'>Quidam</span> <span class='ocrx_word' id='word_1_67' title='bbox 519 484 614 515; x_wconf 88' lang='lat' dir='ltr'>etiam</span> <span class='ocrx_word' id='word_1_68' title='bbox 645 495 661 516; x_wconf 86' lang='lat' dir='ltr'>e</span> <span class='ocrx_word' id='word_1_69' title='bbox 693 485 815 517; x_wconf 83' lang='lat' dir='ltr'>civibus</span> <span class='ocrx_word' id='word_1_70' title='bbox 848 487 995 527; x_wconf 76' lang='lat' dir='ltr'>paralisis</span> <span class='ocrx_word' id='word_1_71' title='bbox 1026 487 1181 518; x_wconf 84' lang='lat' dir='ltr'>distentus</span> <span class='ocrx_word' id='word_1_72' title='bbox 1211 488 1409 519; x_wconf 85' lang='lat' dir='ltr'>incommodo</span> <span class='ocrx_word' id='word_1_73' title='bbox 1437 498 1491 529; x_wconf 90' lang='lat' dir='ltr'>per</span> <span class='ocrx_word' id='word_1_74' title='bbox 1515 488 1643 528; x_wconf 84' lang='lat' dir='ltr'>triginta</span> <span class='ocrx_word' id='word_1_75' title='bbox 1666 499 1765 520; x_wconf 89' lang='lat' dir='ltr'>annos</span> <span class='ocrx_word' id='word_1_76' title='bbox 1790 490 1883 520; x_wconf 81' lang='lat' dir='ltr'>XXX</span> 
     </span>
    </p>
   </div>
   <div class='ocr_carea' id='block_1_9' title="bbox 150 535 1770 923">
    <p class='ocr_par' dir='ltr' id='par_1_9' title="bbox 150 535 1770 923">
     <span class='ocr_line' id='line_1_12' title="bbox 150 535 1765 578; baseline 0.002 -12"><span class='ocrx_word' id='word_1_77' title='bbox 150 536 318 567; x_wconf 84' lang='lat' dir='ltr'>tenebatur</span> <span class='ocrx_word' id='word_1_78' title='bbox 346 535 379 566; x_wconf 93' lang='lat' dir='ltr'>in</span> <span class='ocrx_word' id='word_1_79' title='bbox 409 535 540 574; x_wconf 83' lang='lat' dir='ltr'>lectulo7</span> <span class='ocrx_word' id='word_1_80' title='bbox 577 535 630 575; x_wconf 90' lang='lat' dir='ltr'>qui</span> <span class='ocrx_word' id='word_1_81' title='bbox 660 545 730 567; x_wconf 89' lang='lat' dir='ltr'>cum</span> <span class='ocrx_word' id='word_1_82' title='bbox 762 537 968 577; x_wconf 86' lang='lat' dir='ltr'>psallentium</span> <span class='ocrx_word' id='word_1_83' title='bbox 1000 538 1127 569; x_wconf 89' lang='lat' dir='ltr'>chorum</span> <span class='ocrx_word' id='word_1_84' title='bbox 1159 538 1339 569; x_wconf 87' lang='lat' dir='ltr'>Maurilium</span> <span class='ocrx_word' id='word_1_85' title='bbox 1371 538 1581 570; x_wconf 88' lang='lat' dir='ltr'>deferentium</span> <span class='ocrx_word' id='word_1_86' title='bbox 1611 538 1765 578; x_wconf 80' lang='lat' dir='ltr'>audisset,</span> 
     </span>
     <span class='ocr_line' id='line_1_13' title="bbox 150 586 1769 629; baseline 0.002 -13"><span class='ocrx_word' id='word_1_87' title='bbox 150 596 167 617; x_wconf 89' lang='lat' dir='ltr'>e</span> <span class='ocrx_word' id='word_1_88' title='bbox 198 586 314 617; x_wconf 84' lang='lat' dir='ltr'>lectulo</span> <span class='ocrx_word' id='word_1_89' title='bbox 341 586 448 617; x_wconf 86' lang='lat' dir='ltr'>statim</span> <span class='ocrx_word' id='word_1_90' title='bbox 480 586 615 617; x_wconf 82' lang='lat' dir='ltr'>exiliens</span> <span class='ocrx_word' id='word_1_91' title='bbox 645 587 736 626; x_wconf 81' lang='lat' dir='ltr'>quasi</span> <span class='ocrx_word' id='word_1_92' title='bbox 767 598 878 619; x_wconf 88' lang='lat' dir='ltr'>cervus</span> <span class='ocrx_word' id='word_1_93' title='bbox 908 589 1034 620; x_wconf 90' lang='lat' dir='ltr'>nemine</span> <span class='ocrx_word' id='word_1_94' title='bbox 1066 589 1253 629; x_wconf 81' lang='lat' dir='ltr'>prohibente</span> <span class='ocrx_word' id='word_1_95' title='bbox 1284 589 1369 620; x_wconf 89' lang='lat' dir='ltr'>beati</span> <span class='ocrx_word' id='word_1_96' title='bbox 1393 589 1529 620; x_wconf 85' lang='lat' dir='ltr'>Maurilii</span> <span class='ocrx_word' id='word_1_97' title='bbox 1562 590 1706 629; x_wconf 83' lang='lat' dir='ltr'>pervenit</span> <span class='ocrx_word' id='word_1_98' title='bbox 1728 589 1769 620; x_wconf 88' lang='lat' dir='ltr'>ad</span> 
     </span>
     <span class='ocr_line' id='line_1_14' title="bbox 151 638 1770 680; baseline 0.002 -12"><span class='ocrx_word' id='word_1_99' title='bbox 151 646 281 677; x_wconf 65' lang='lat' dir='ltr'>corpus,</span> <span class='ocrx_word' id='word_1_100' title='bbox 317 640 463 676; x_wconf 86' lang='lat' dir='ltr'>tactoque</span> <span class='ocrx_word' id='word_1_101' title='bbox 496 640 526 668; x_wconf 89' lang='lat' dir='ltr'>et</span> <span class='ocrx_word' id='word_1_102' title='bbox 557 638 697 669; x_wconf 85' lang='lat' dir='ltr'>osculato</span> <span class='ocrx_word' id='word_1_103' title='bbox 720 638 806 670; x_wconf 90' lang='lat' dir='ltr'>beati</span> <span class='ocrx_word' id='word_1_104' title='bbox 831 639 951 670; x_wconf 90' lang='lat' dir='ltr'>funeris</span> <span class='ocrx_word' id='word_1_105' title='bbox 974 640 1089 671; x_wconf 85' lang='lat' dir='ltr'>feretro</span> <span class='ocrx_word' id='word_1_106' title='bbox 1113 640 1279 680; x_wconf 87' lang='lat' dir='ltr'>pristinam</span> <span class='ocrx_word' id='word_1_107' title='bbox 1305 640 1473 671; x_wconf 84' lang='lat' dir='ltr'>sanitatem</span> <span class='ocrx_word' id='word_1_108' title='bbox 1498 640 1560 671; x_wconf 83' lang='lat' dir='ltr'>fide</span> <span class='ocrx_word' id='word_1_109' title='bbox 1583 640 1695 680; x_wconf 91' lang='lat' dir='ltr'>plenus</span> <span class='ocrx_word' id='word_1_110' title='bbox 1719 650 1770 671; x_wconf 89' lang='lat' dir='ltr'>re-</span> 
     </span>
     <span class='ocr_line' id='line_1_15' title="bbox 151 687 1769 731; baseline 0.002 -12"><span class='ocrx_word' id='word_1_111' title='bbox 151 688 256 728; x_wconf 83' lang='lat' dir='ltr'>cipere</span> <span class='ocrx_word' id='word_1_112' title='bbox 279 687 394 719; x_wconf 84' lang='lat' dir='ltr'>meruit</span> <span class='ocrx_word' id='word_1_113' title='bbox 417 688 589 728; x_wconf 83' lang='lat' dir='ltr'>extemplo.</span> <span class='ocrx_word' id='word_1_114' title='bbox 649 690 730 728; x_wconf 44' lang='grc'><strong>1148)</strong></span> <span class='ocrx_word' id='word_1_115' title='bbox 758 689 795 720; x_wconf 87' lang='grc'>111</span> <span class='ocrx_word' id='word_1_116' title='bbox 818 690 898 721; x_wconf 90' lang='lat' dir='ltr'>tanti</span> <span class='ocrx_word' id='word_1_117' title='bbox 922 690 1019 730; x_wconf 76' lang='lat' dir='ltr'>igitur</span> <span class='ocrx_word' id='word_1_118' title='bbox 1042 690 1169 722; x_wconf 86' lang='lat' dir='ltr'>honoris</span> <span class='ocrx_word' id='word_1_119' title='bbox 1193 691 1295 730; x_wconf 81' lang='lat' dir='ltr'>gloria</span> <span class='ocrx_word' id='word_1_120' title='bbox 1319 691 1479 731; x_wconf 64' lang='lat' dir='ltr'>sepultus,</span> <span class='ocrx_word' id='word_1_121' title='bbox 1515 691 1623 730; x_wconf 88' lang='lat' dir='ltr'>quanti</span> <span class='ocrx_word' id='word_1_122' title='bbox 1647 692 1769 731; x_wconf 80' lang='lat' dir='ltr'>qualis-</span> 
     </span>
     <span class='ocr_line' id='line_1_16' title="bbox 150 738 1770 779; baseline 0.002 -10"><span class='ocrx_word' id='word_1_123' title='bbox 150 748 212 778; x_wconf 86' lang='lat' dir='ltr'>que</span> <span class='ocrx_word' id='word_1_124' title='bbox 243 738 345 769; x_wconf 89' lang='lat' dir='ltr'>meriti</span> <span class='ocrx_word' id='word_1_125' title='bbox 376 738 463 779; x_wconf 88' lang='lat' dir='ltr'>apud</span> <span class='ocrx_word' id='word_1_126' title='bbox 494 738 654 770; x_wconf 89' lang='lat' dir='ltr'>dominum</span> <span class='ocrx_word' id='word_1_127' title='bbox 679 739 790 777; x_wconf 84' lang='lat' dir='ltr'>fuerit,</span> <span class='ocrx_word' id='word_1_128' title='bbox 826 740 900 771; x_wconf 92' lang='lat' dir='ltr'>dum</span> <span class='ocrx_word' id='word_1_129' title='bbox 925 741 1091 773; x_wconf 78' lang='lat' dir='ltr'>cotidianis</span> <span class='ocrx_word' id='word_1_130' title='bbox 1115 741 1283 773; x_wconf 77' lang='lat' dir='ltr'>virtutibus</span> <span class='ocrx_word' id='word_1_131' title='bbox 1309 745 1339 772; x_wconf 87' lang='lat' dir='ltr'>et</span> <span class='ocrx_word' id='word_1_132' title='bbox 1362 741 1524 773; x_wconf 80' lang='lat' dir='ltr'>miraculis</span> <span class='ocrx_word' id='word_1_133' title='bbox 1547 742 1615 772; x_wconf 88' lang='lat' dir='ltr'>eius</span> <span class='ocrx_word' id='word_1_134' title='bbox 1639 746 1770 773; x_wconf 79' lang='lat' dir='ltr'>exornat</span> 
     </span>
     <span class='ocr_line' id='line_1_17' title="bbox 150 789 1769 832; baseline 0.002 -12"><span class='ocrx_word' id='word_1_135' title='bbox 150 790 324 827; x_wconf 85' lang='lat' dir='ltr'>tumulum,</span> <span class='ocrx_word' id='word_1_136' title='bbox 359 789 505 820; x_wconf 88' lang='lat' dir='ltr'>dominus</span> <span class='ocrx_word' id='word_1_137' title='bbox 534 790 672 821; x_wconf 78' lang='lat' dir='ltr'>ostendit</span> <span class='ocrx_word' id='word_1_138' title='bbox 694 790 839 822; x_wconf 89' lang='lat' dir='ltr'>omnibus</span> <span class='ocrx_word' id='word_1_139' title='bbox 863 795 934 832; x_wconf 89' lang='lat' dir='ltr'>post</span> <span class='ocrx_word' id='word_1_140' title='bbox 958 792 1177 832; x_wconf 71' lang='lat' dir='ltr'>sepulchrum,</span> <span class='ocrx_word' id='word_1_141' title='bbox 1214 796 1394 832; x_wconf 78' lang='lat' dir='ltr'>praestante</span> <span class='ocrx_word' id='word_1_142' title='bbox 1419 792 1545 822; x_wconf 89' lang='lat' dir='ltr'>domino</span> <span class='ocrx_word' id='word_1_143' title='bbox 1568 796 1673 823; x_wconf 77' lang='lat' dir='ltr'>nostro</span> <span class='ocrx_word' id='word_1_144' title='bbox 1698 793 1769 824; x_wconf 86' lang='lat' dir='ltr'>Iesu</span> 
     </span>
     <span class='ocr_line' id='line_1_18' title="bbox 151 840 1770 883; baseline 0.001 -12"><span class='ocrx_word' id='word_1_145' title='bbox 151 840 275 872; x_wconf 87' lang='lat' dir='ltr'>Christo</span> <span class='ocrx_word' id='word_1_146' title='bbox 306 840 359 880; x_wconf 82' lang='lat' dir='ltr'>qui</span> <span class='ocrx_word' id='word_1_147' title='bbox 391 850 461 871; x_wconf 87' lang='lat' dir='ltr'>cum</span> <span class='ocrx_word' id='word_1_148' title='bbox 493 851 529 872; x_wconf 93' lang='lat' dir='ltr'>eo</span> <span class='ocrx_word' id='word_1_149' title='bbox 563 845 594 872; x_wconf 89' lang='lat' dir='ltr'>et</span> <span class='ocrx_word' id='word_1_150' title='bbox 618 841 730 881; x_wconf 87' lang='lat' dir='ltr'>spiritu</span> <span class='ocrx_word' id='word_1_151' title='bbox 755 846 863 873; x_wconf 89' lang='lat' dir='ltr'>sancto</span> <span class='ocrx_word' id='word_1_152' title='bbox 887 842 965 874; x_wconf 85' lang='lat' dir='ltr'>vivit</span> <span class='ocrx_word' id='word_1_153' title='bbox 988 847 1019 873; x_wconf 89' lang='lat' dir='ltr'>et</span> <span class='ocrx_word' id='word_1_154' title='bbox 1042 842 1196 882; x_wconf 76' lang='lat' dir='ltr'>gloriatur</span> <span class='ocrx_word' id='word_1_155' title='bbox 1221 842 1298 874; x_wconf 87' lang='lat' dir='ltr'>deus</span> <span class='ocrx_word' id='word_1_156' title='bbox 1322 853 1378 883; x_wconf 89' lang='lat' dir='ltr'>per</span> <span class='ocrx_word' id='word_1_157' title='bbox 1402 843 1524 874; x_wconf 82' lang='lat' dir='ltr'>infinita</span> <span class='ocrx_word' id='word_1_158' title='bbox 1547 843 1675 874; x_wconf 89' lang='lat' dir='ltr'>saecula</span> <span class='ocrx_word' id='word_1_159' title='bbox 1700 853 1770 874; x_wconf 83' lang='lat' dir='ltr'>sae—</span> 
     </span>
     <span class='ocr_line' id='line_1_19' title="bbox 152 891 465 923; baseline 0 -1"><span class='ocrx_word' id='word_1_160' title='bbox 152 891 305 922; x_wconf 85' lang='lat' dir='ltr'>culorum.</span> <span class='ocrx_word' id='word_1_161' title='bbox 353 892 465 923; x_wconf 84' lang='lat' dir='ltr'>Amen.</span> 
     </span>
    </p>
   </div>
   <div class='ocr_carea' id='block_1_10' title="bbox 376 1245 1544 1378">
    <p class='ocr_par' dir='ltr' id='par_1_10' title="bbox 376 1245 1544 1378">
     <span class='ocr_line' id='line_1_20' title="bbox 376 1245 1544 1302; baseline 0.002 -11"><span class='ocrx_word' id='word_1_162' title='bbox 376 1245 565 1293; x_wconf 71' lang='lat' dir='ltr'>PASSIO</span> <span class='ocrx_word' id='word_1_163' title='bbox 601 1245 928 1293; x_wconf 75' lang='lat' dir='ltr'>SANCTORVM</span> <span class='ocrx_word' id='word_1_164' title='bbox 960 1246 1267 1293; x_wconf 72' lang='lat' dir='ltr'>MARTYRVM</span> <span class='ocrx_word' id='word_1_165' title='bbox 1300 1246 1544 1302; x_wconf 80' lang='lat' dir='ltr'>DIONISII,</span> 
     </span>
     <span class='ocr_line' id='line_1_21' title="bbox 616 1330 1302 1378; baseline 0 -1"><span class='ocrx_word' id='word_1_166' title='bbox 616 1330 829 1377; x_wconf 74' lang='lat' dir='ltr'><strong>RVSTICI</strong></span> <span class='ocrx_word' id='word_1_167' title='bbox 861 1331 928 1377; x_wconf 87' lang='lat' dir='ltr'>ET</span> <span class='ocrx_word' id='word_1_168' title='bbox 959 1331 1302 1378; x_wconf 84' lang='lat' dir='ltr'><strong>ELEVTHERII.</strong></span> 
     </span>
    </p>
   </div>
   <div class='ocr_carea' id='block_1_11' title="bbox 148 1444 1770 1791">
    <p class='ocr_par' dir='ltr' id='par_1_11' title="bbox 148 1444 1770 1791">
     <span class='ocr_line' id='line_1_22' title="bbox 241 1444 1767 1485; baseline 0 -10"><span class='ocrx_word' id='word_1_169' title='bbox 241 1446 278 1484; x_wconf 41' lang='lat' dir='ltr'>gl)</span> <span class='ocrx_word' id='word_1_170' title='bbox 308 1444 473 1476; x_wconf 72' lang='lat' dir='ltr'>Grloriosae</span> <span class='ocrx_word' id='word_1_171' title='bbox 504 1449 677 1485; x_wconf 73' lang='lat' dir='ltr'>martyrum</span> <span class='ocrx_word' id='word_1_172' title='bbox 708 1445 875 1485; x_wconf 81' lang='lat' dir='ltr'>passiones</span> <span class='ocrx_word' id='word_1_173' title='bbox 899 1448 930 1475; x_wconf 89' lang='lat' dir='ltr'>et</span> <span class='ocrx_word' id='word_1_174' title='bbox 952 1445 1092 1485; x_wconf 86' lang='lat' dir='ltr'>pretiosa</span> <span class='ocrx_word' id='word_1_175' title='bbox 1116 1445 1242 1476; x_wconf 88' lang='lat' dir='ltr'>domino</span> <span class='ocrx_word' id='word_1_176' title='bbox 1267 1448 1453 1485; x_wconf 75' lang='lat' dir='ltr'>expectante</span> <span class='ocrx_word' id='word_1_177' title='bbox 1478 1445 1651 1476; x_wconf 81' lang='lat' dir='ltr'>certamina</span> <span class='ocrx_word' id='word_1_178' title='bbox 1674 1455 1767 1484; x_wconf 77' lang='lat' dir='ltr'>quam</span> 
     </span>
     <span class='ocr_line' id='line_1_23' title="bbox 150 1495 1769 1536; baseline 0.001 -10"><span class='ocrx_word' id='word_1_179' title='bbox 150 1496 247 1536; x_wconf 80' lang='lat' dir='ltr'>digna</span> <span class='ocrx_word' id='word_1_180' title='bbox 272 1495 333 1527; x_wconf 91' lang='lat' dir='ltr'>sint</span> <span class='ocrx_word' id='word_1_181' title='bbox 356 1505 412 1536; x_wconf 90' lang='lat' dir='ltr'>pro</span> <span class='ocrx_word' id='word_1_182' title='bbox 436 1496 660 1527; x_wconf 85' lang='lat' dir='ltr'>miraculorum</span> <span class='ocrx_word' id='word_1_183' title='bbox 684 1495 840 1536; x_wconf 77' lang='lat' dir='ltr'>dignitate</span> <span class='ocrx_word' id='word_1_184' title='bbox 866 1495 1037 1527; x_wconf 84' lang='lat' dir='ltr'>conscribi.</span> <span class='ocrx_word' id='word_1_185' title='bbox 1068 1499 1229 1536; x_wconf 81' lang='lat' dir='ltr'>nequeunt</span> <span class='ocrx_word' id='word_1_186' title='bbox 1251 1500 1357 1527; x_wconf 87' lang='lat' dir='ltr'>tamen</span> <span class='ocrx_word' id='word_1_187' title='bbox 1381 1496 1448 1526; x_wconf 86' lang='lat' dir='ltr'>sinc</span> <span class='ocrx_word' id='word_1_188' title='bbox 1473 1495 1648 1526; x_wconf 87' lang='lat' dir='ltr'>formidinis</span> <span class='ocrx_word' id='word_1_189' title='bbox 1672 1495 1769 1536; x_wconf 85' lang='lat' dir='ltr'>trepi-</span> 
     </span>
     <span class='ocr_line' id='line_1_24' title="bbox 150 1546 1768 1587; baseline -0.001 -9"><span class='ocrx_word' id='word_1_190' title='bbox 150 1547 280 1578; x_wconf 87' lang='lat' dir='ltr'>datione</span> <span class='ocrx_word' id='word_1_191' title='bbox 311 1546 484 1587; x_wconf 68' lang='lat' dir='ltr'>conplecti‚</span> <span class='ocrx_word' id='word_1_192' title='bbox 520 1547 596 1586; x_wconf 86' lang='lat' dir='ltr'>quia</span> <span class='ocrx_word' id='word_1_193' title='bbox 625 1556 695 1577; x_wconf 91' lang='lat' dir='ltr'>cum</span> <span class='ocrx_word' id='word_1_194' title='bbox 725 1556 914 1586; x_wconf 80' lang='lat' dir='ltr'>magnarum</span> <span class='ocrx_word' id='word_1_195' title='bbox 938 1556 1041 1577; x_wconf 90' lang='lat' dir='ltr'>rerum</span> <span class='ocrx_word' id='word_1_196' title='bbox 1066 1547 1284 1578; x_wconf 84' lang='lat' dir='ltr'>consideratur</span> <span class='ocrx_word' id='word_1_197' title='bbox 1313 1546 1502 1587; x_wconf 73' lang='lat' dir='ltr'>adsumptio,</span> <span class='ocrx_word' id='word_1_198' title='bbox 1538 1557 1599 1578; x_wconf 87' lang='lat' dir='ltr'>non</span> <span class='ocrx_word' id='word_1_199' title='bbox 1623 1547 1768 1577; x_wconf 83' lang='lat' dir='ltr'>inmerito</span> 
     </span>
     <span class='ocr_line' id='line_1_25' title="bbox 148 1597 1770 1639; baseline -0.001 -10"><span class='ocrx_word' id='word_1_200' title='bbox 148 1597 346 1639; x_wconf 82' lang='lat' dir='ltr'>praesumpti</span> <span class='ocrx_word' id='word_1_201' title='bbox 369 1597 473 1638; x_wconf 89' lang='lat' dir='ltr'>operis</span> <span class='ocrx_word' id='word_1_202' title='bbox 496 1597 650 1637; x_wconf 80' lang='lat' dir='ltr'>retegitur</span> <span class='ocrx_word' id='word_1_203' title='bbox 672 1597 877 1637; x_wconf 70' lang='lat' dir='ltr'>magnitudo7</span> <span class='ocrx_word' id='word_1_204' title='bbox 912 1607 948 1628; x_wconf 92' lang='lat' dir='ltr'>eo</span> <span class='ocrx_word' id='word_1_205' title='bbox 980 1597 1063 1637; x_wconf 87' lang='lat' dir='ltr'>quod</span> <span class='ocrx_word' id='word_1_206' title='bbox 1094 1601 1216 1628; x_wconf 84' lang='lat' dir='ltr'>tantum</span> <span class='ocrx_word' id='word_1_207' title='bbox 1248 1607 1350 1628; x_wconf 90' lang='lat' dir='ltr'>sermo</span> <span class='ocrx_word' id='word_1_208' title='bbox 1381 1598 1485 1628; x_wconf 89' lang='lat' dir='ltr'>tenuis</span> <span class='ocrx_word' id='word_1_209' title='bbox 1517 1597 1677 1638; x_wconf 79' lang='lat' dir='ltr'>explicare</span> <span class='ocrx_word' id='word_1_210' title='bbox 1708 1607 1770 1628; x_wconf 90' lang='lat' dir='ltr'>non</span> 
     </span>
     <span class='ocr_line' id='line_1_26' title="bbox 148 1648 1769 1689; baseline 0 -10"><span class='ocrx_word' id='word_1_211' title='bbox 148 1649 235 1680; x_wconf 83' lang='lat' dir='ltr'>valet</span> <span class='ocrx_word' id='word_1_212' title='bbox 267 1651 419 1688; x_wconf 88' lang='lat' dir='ltr'>quantum</span> <span class='ocrx_word' id='word_1_213' title='bbox 450 1648 489 1679; x_wconf 88' lang='lat' dir='ltr'>de</span> <span class='ocrx_word' id='word_1_214' title='bbox 521 1657 554 1679; x_wconf 89' lang='lat' dir='ltr'>se</span> <span class='ocrx_word' id='word_1_215' title='bbox 585 1648 647 1680; x_wconf 89' lang='lat' dir='ltr'>dici</span> <span class='ocrx_word' id='word_1_216' title='bbox 675 1648 792 1679; x_wconf 83' lang='lat' dir='ltr'>veritas</span> <span class='ocrx_word' id='word_1_217' title='bbox 816 1648 977 1688; x_wconf 84' lang='lat' dir='ltr'>passionis</span> <span class='ocrx_word' id='word_1_218' title='bbox 1000 1649 1131 1688; x_wconf 87' lang='lat' dir='ltr'>inponit.</span> <span class='ocrx_word' id='word_1_219' title='bbox 1185 1649 1222 1688; x_wconf 77' lang='lat'>(2</span> <span class='ocrx_word' id='word_1_220' title='bbox 1252 1649 1373 1679; x_wconf 84' lang='lat' dir='ltr'>Tamen</span> <span class='ocrx_word' id='word_1_221' title='bbox 1396 1648 1569 1689; x_wconf 89' lang='lat' dir='ltr'>propositio</span> <span class='ocrx_word' id='word_1_222' title='bbox 1593 1652 1700 1679; x_wconf 85' lang='lat' dir='ltr'>tantae</span> <span class='ocrx_word' id='word_1_223' title='bbox 1724 1648 1769 1679; x_wconf 87' lang='lat' dir='ltr'>rei</span> 
     </span>
     <span class='ocr_line' id='line_1_27' title="bbox 149 1698 1770 1740; baseline -0.001 -10"><span class='ocrx_word' id='word_1_224' title='bbox 149 1700 285 1731; x_wconf 85' lang='lat' dir='ltr'>arduum</span> <span class='ocrx_word' id='word_1_225' title='bbox 314 1699 433 1730; x_wconf 83' lang='lat' dir='ltr'>habere</span> <span class='ocrx_word' id='word_1_226' title='bbox 464 1698 610 1730; x_wconf 84' lang='lat' dir='ltr'>videatur</span> <span class='ocrx_word' id='word_1_227' title='bbox 639 1699 778 1730; x_wconf 89' lang='lat' dir='ltr'>initium.</span> <span class='ocrx_word' id='word_1_228' title='bbox 818 1699 850 1730; x_wconf 89' lang='lat' dir='ltr'>in</span> <span class='ocrx_word' id='word_1_229' title='bbox 881 1699 941 1730; x_wconf 89' lang='lat' dir='ltr'>hoc</span> <span class='ocrx_word' id='word_1_230' title='bbox 971 1709 1061 1730; x_wconf 87' lang='lat' dir='ltr'>mens</span> <span class='ocrx_word' id='word_1_231' title='bbox 1092 1699 1303 1740; x_wconf 84' lang='lat' dir='ltr'>trepidatione</span> <span class='ocrx_word' id='word_1_232' title='bbox 1335 1699 1471 1739; x_wconf 78' lang='lat' dir='ltr'>fatigata</span> <span class='ocrx_word' id='word_1_233' title='bbox 1501 1699 1650 1740; x_wconf 64' lang='lat' dir='ltr'>respirat,</span> <span class='ocrx_word' id='word_1_234' title='bbox 1687 1699 1770 1739; x_wconf 90' lang='lat' dir='ltr'>quod</span> 
     </span>
     <span class='ocr_line' id='line_1_28' title="bbox 149 1749 1769 1791; baseline -0.001 -10"><span class='ocrx_word' id='word_1_235' title='bbox 149 1760 275 1791; x_wconf 86' lang='lat' dir='ltr'>semper</span> <span class='ocrx_word' id='word_1_236' title='bbox 297 1749 442 1791; x_wconf 87' lang='lat' dir='ltr'>opificem</span> <span class='ocrx_word' id='word_1_237' title='bbox 467 1760 557 1781; x_wconf 89' lang='lat' dir='ltr'>suum</span> <span class='ocrx_word' id='word_1_238' title='bbox 582 1750 801 1790; x_wconf 79' lang='lat' dir='ltr'>magisterium</span> <span class='ocrx_word' id='word_1_239' title='bbox 825 1750 953 1781; x_wconf 86' lang='lat' dir='ltr'>divinae</span> <span class='ocrx_word' id='word_1_240' title='bbox 976 1750 1193 1781; x_wconf 85' lang='lat' dir='ltr'>instructionis</span> <span class='ocrx_word' id='word_1_241' title='bbox 1216 1750 1366 1781; x_wconf 87' lang='lat' dir='ltr'>informat</span> <span class='ocrx_word' id='word_1_242' title='bbox 1390 1754 1421 1780; x_wconf 87' lang='lat' dir='ltr'>et</span> <span class='ocrx_word' id='word_1_243' title='bbox 1444 1750 1629 1781; x_wconf 84' lang='lat' dir='ltr'>inchoantes</span> <span class='ocrx_word' id='word_1_244' title='bbox 1645 1750 1769 1780; x_wconf 89' lang='lat' dir='ltr'>initium</span> 
     </span>
    </p>
   </div>
   <div class='ocr_carea' id='block_1_12' title="bbox 148 1895 1769 2432">
    <p class='ocr_par' dir='ltr' id='par_1_12' title="bbox 148 1895 1765 1969">
     <span class='ocr_line' id='line_1_29' title="bbox 148 1895 1765 1926; baseline 0 -7"><span class='ocrx_word' id='word_1_245' title='bbox 148 1898 307 1926; x_wconf 81' lang='lat' dir='ltr'>baptismatis</span> <span class='ocrx_word' id='word_1_246' title='bbox 326 1900 465 1926; x_wconf 82' lang='lat' dir='ltr'>sumpserat</span> <span class='ocrx_word' id='word_1_247' title='bbox 481 1896 536 1918; x_wconf 89' lang='lat' dir='ltr'>idus</span> <span class='ocrx_word' id='word_1_248' title='bbox 552 1895 704 1925; x_wconf 83' lang='lat' dir='ltr'>Septembris</span> <span class='ocrx_word' id='word_1_249' title='bbox 718 1896 814 1919; x_wconf 81' lang='lat' dir='ltr'>Christo</span> <span class='ocrx_word' id='word_1_250' title='bbox 834 1896 950 1920; x_wconf 75' lang='lat' dir='ltr'>reddidit.</span> <span class='ocrx_word' id='word_1_251' title='bbox 971 1896 1120 1918; x_wconf 83' lang='lat' dir='ltr'>laetantibus</span> <span class='ocrx_word' id='word_1_252' title='bbox 1141 1896 1232 1918; x_wconf 81' lang='lat' dir='ltr'>sanctis</span> <span class='ocrx_word' id='word_1_253' title='bbox 1251 1896 1344 1923; x_wconf 76' lang='lat' dir='ltr'>angelis</span> <span class='ocrx_word' id='word_1_254' title='bbox 1364 1900 1389 1918; x_wconf 90' lang='lat' dir='ltr'>et</span> <span class='ocrx_word' id='word_1_255' title='bbox 1408 1896 1433 1917; x_wconf 90' lang='grc'>111</span> <span class='ocrx_word' id='word_1_256' title='bbox 1455 1895 1543 1923; x_wconf 63' lang='lat' dir='ltr'>gaudia</span> <span class='ocrx_word' id='word_1_257' title='bbox 1562 1902 1666 1924; x_wconf 82' lang='lat' dir='ltr'>superna</span> <span class='ocrx_word' id='word_1_258' title='bbox 1686 1897 1765 1919; x_wconf 86' lang='lat' dir='ltr'>susci-</span> 
     </span>
     <span class='ocr_line' id='line_1_30' title="bbox 148 1941 362 1969; baseline 0 -7"><span class='ocrx_word' id='word_1_259' title='bbox 148 1941 279 1969; x_wconf 82' lang='lat' dir='ltr'>pientibus</span> <span class='ocrx_word' id='word_1_260' title='bbox 298 1946 362 1962; x_wconf 81' lang='lat' dir='ltr'>eam.</span> 
     </span>
    </p>

    <p class='ocr_par' dir='ltr' id='par_1_13' title="bbox 149 1980 1769 2097">
     <span class='ocr_line' id='line_1_31' title="bbox 236 1980 1769 2011; baseline -0.001 -6"><span class='ocrx_word' id='word_1_261' title='bbox 236 1981 302 2005; x_wconf 74' lang='lat' dir='ltr'>3—ss</span> <span class='ocrx_word' id='word_1_262' title='bbox 323 1981 491 2011; x_wconf 74' lang='lat' dir='ltr'>Maynobodus</span> <span class='ocrx_word' id='word_1_263' title='bbox 511 1990 532 2005; x_wconf 78' lang='lat' dir='ltr'>c.</span> <span class='ocrx_word' id='word_1_264' title='bbox 554 1982 603 2005; x_wconf 78' lang='lat'>30:</span> <span class='ocrx_word' id='word_1_265' title='bbox 628 1981 689 2004; x_wconf 80' lang='lat' dir='ltr'>Cum</span> <span class='ocrx_word' id='word_1_266' title='bbox 708 1982 785 2010; x_wconf 79' lang='lat' dir='ltr'>igitur</span> <span class='ocrx_word' id='word_1_267' title='bbox 804 1981 978 2010; x_wconf 74' lang='lat' dir='ltr'>corpusculum</span> <span class='ocrx_word' id='word_1_268' title='bbox 997 1985 1108 2004; x_wconf 71' lang='lat' dir='ltr'>sanctum</span> <span class='ocrx_word' id='word_1_269' title='bbox 1129 1981 1295 2003; x_wconf 73' lang='lat' dir='ltr'>deduceretur</span> <span class='ocrx_word' id='word_1_270' title='bbox 1313 1980 1457 2009; x_wconf 86' lang='lat' dir='ltr'>sepulturae</span> <span class='ocrx_word' id='word_1_271' title='bbox 1477 1988 1535 2003; x_wconf 85' lang='lat' dir='ltr'>suae</span> <span class='ocrx_word' id='word_1_272' title='bbox 1554 1981 1709 2010; x_wconf 67' lang='lat' dir='ltr'>tradendum,</span> <span class='ocrx_word' id='word_1_273' title='bbox 1730 1987 1769 2004; x_wconf 84' lang='lat' dir='ltr'>oc-</span> 
     </span>
     <span class='ocr_line' id='line_1_32' title="bbox 149 2024 1768 2054; baseline -0.001 -6"><span class='ocrx_word' id='word_1_274' title='bbox 149 2028 276 2048; x_wconf 74' lang='lat' dir='ltr'>currentes</span> <span class='ocrx_word' id='word_1_275' title='bbox 297 2025 319 2047; x_wconf 91' lang='lat' dir='ltr'>ei</span> <span class='ocrx_word' id='word_1_276' title='bbox 339 2025 387 2047; x_wconf 86' lang='lat' dir='ltr'>duo</span> <span class='ocrx_word' id='word_1_277' title='bbox 406 2025 500 2053; x_wconf 75' lang='lat' dir='ltr'>gemini</span> <span class='ocrx_word' id='word_1_278' title='bbox 520 2025 617 2054; x_wconf 77' lang='lat' dir='ltr'>fratres,</span> <span class='ocrx_word' id='word_1_279' title='bbox 640 2025 708 2047; x_wconf 84' lang='lat' dir='ltr'>ambo</span> <span class='ocrx_word' id='word_1_280' title='bbox 727 2025 851 2047; x_wconf 88' lang='lat' dir='ltr'>oculorum</span> <span class='ocrx_word' id='word_1_281' title='bbox 873 2025 926 2047; x_wconf 87' lang='lat' dir='ltr'>luce</span> <span class='ocrx_word' id='word_1_282' title='bbox 945 2024 1031 2053; x_wconf 79' lang='lat' dir='ltr'>orbati⁷</span> <span class='ocrx_word' id='word_1_283' title='bbox 1053 2024 1146 2053; x_wconf 80' lang='lat' dir='ltr'>pariter</span> <span class='ocrx_word' id='word_1_284' title='bbox 1165 2027 1225 2046; x_wconf 85' lang='lat' dir='ltr'>sunt</span> <span class='ocrx_word' id='word_1_285' title='bbox 1244 2024 1379 2046; x_wconf 85' lang='lat' dir='ltr'>illuminati</span> <span class='ocrx_word' id='word_1_286' title='bbox 1401 2027 1425 2045; x_wconf 86' lang='lat' dir='ltr'>et</span> <span class='ocrx_word' id='word_1_287' title='bbox 1445 2024 1574 2046; x_wconf 72' lang='lat' dir='ltr'>confestim</span> <span class='ocrx_word' id='word_1_288' title='bbox 1593 2026 1688 2047; x_wconf 84' lang='lat' dir='ltr'>sanctas</span> <span class='ocrx_word' id='word_1_289' title='bbox 1708 2030 1768 2046; x_wconf 76' lang='lat' dir='ltr'>exe-</span> 
     </span>
     <span class='ocr_line' id='line_1_33' title="bbox 149 2067 871 2097; baseline -0.001 -7"><span class='ocrx_word' id='word_1_290' title='bbox 149 2068 220 2097; x_wconf 86' lang='lat' dir='ltr'>quias</span> <span class='ocrx_word' id='word_1_291' title='bbox 240 2068 294 2090; x_wconf 84' lang='lat' dir='ltr'>sine</span> <span class='ocrx_word' id='word_1_292' title='bbox 314 2068 393 2090; x_wconf 89' lang='lat' dir='ltr'>alieno</span> <span class='ocrx_word' id='word_1_293' title='bbox 411 2068 504 2090; x_wconf 87' lang='lat' dir='ltr'>ducatu</span> <span class='ocrx_word' id='word_1_294' title='bbox 524 2075 581 2090; x_wconf 85' lang='lat' dir='ltr'>cum</span> <span class='ocrx_word' id='word_1_295' title='bbox 600 2067 717 2089; x_wconf 81' lang='lat' dir='ltr'>laudibus</span> <span class='ocrx_word' id='word_1_296' title='bbox 735 2068 871 2097; x_wconf 78' lang='lat' dir='ltr'>prosecuti.</span> 
     </span>
    </p>

    <p class='ocr_par' dir='ltr' id='par_1_14' title="bbox 149 2109 1769 2432">
     <span class='ocr_line' id='line_1_34' title="bbox 236 2109 1768 2139; baseline -0.001 -6"><span class='ocrx_word' id='word_1_297' title='bbox 236 2110 318 2134; x_wconf 82' lang='lat'>7-15</span> <span class='ocrx_word' id='word_1_298' title='bbox 339 2109 505 2139; x_wconf 67' lang='lat' dir='ltr'>Magynobodus</span> <span class='ocrx_word' id='word_1_299' title='bbox 524 2117 544 2133; x_wconf 84' lang='lat' dir='ltr'>c.</span> <span class='ocrx_word' id='word_1_300' title='bbox 566 2111 614 2132; x_wconf 77' lang='lat'>30:</span> <span class='ocrx_word' id='word_1_301' title='bbox 641 2109 746 2137; x_wconf 81' lang='lat' dir='ltr'>Quidam</span> <span class='ocrx_word' id='word_1_302' title='bbox 772 2116 871 2139; x_wconf 85' lang='lat' dir='ltr'>quoque</span> <span class='ocrx_word' id='word_1_303' title='bbox 890 2110 960 2132; x_wconf 83' lang='lat' dir='ltr'>homo</span> <span class='ocrx_word' id='word_1_304' title='bbox 980 2115 1063 2131; x_wconf 69' lang='lat' dir='ltr'>xxvnx</span> <span class='ocrx_word' id='word_1_305' title='bbox 1083 2110 1154 2132; x_wconf 85' lang='lat' dir='ltr'>annis</span> <span class='ocrx_word' id='word_1_306' title='bbox 1174 2110 1305 2132; x_wconf 88' lang='lat' dir='ltr'>tenebatur</span> <span class='ocrx_word' id='word_1_307' title='bbox 1324 2109 1350 2131; x_wconf 88' lang='lat' dir='ltr'>in</span> <span class='ocrx_word' id='word_1_308' title='bbox 1369 2109 1461 2131; x_wconf 86' lang='lat' dir='ltr'>lectulo</span> <span class='ocrx_word' id='word_1_309' title='bbox 1481 2109 1597 2137; x_wconf 83' lang='lat' dir='ltr'>languore</span> <span class='ocrx_word' id='word_1_310' title='bbox 1617 2109 1768 2138; x_wconf 73' lang='lat' dir='ltr'>vehementi,</span> 
     </span>
     <span class='ocr_line' id='line_1_35' title="bbox 149 2151 1769 2183; baseline -0.002 -7"><span class='ocrx_word' id='word_1_311' title='bbox 149 2154 192 2183; x_wconf 87' lang='lat' dir='ltr'>qui</span> <span class='ocrx_word' id='word_1_312' title='bbox 210 2155 264 2183; x_wconf 86' lang='lat' dir='ltr'>ipsa</span> <span class='ocrx_word' id='word_1_313' title='bbox 283 2153 341 2176; x_wconf 83' lang='lat' dir='ltr'>hora</span> <span class='ocrx_word' id='word_1_314' title='bbox 360 2153 456 2176; x_wconf 84' lang='lat' dir='ltr'>funeris</span> <span class='ocrx_word' id='word_1_315' title='bbox 476 2153 626 2182; x_wconf 77' lang='lat' dir='ltr'>venerandi,</span> <span class='ocrx_word' id='word_1_316' title='bbox 650 2159 705 2175; x_wconf 83' lang='lat' dir='ltr'>mox</span> <span class='ocrx_word' id='word_1_317' title='bbox 725 2156 754 2175; x_wconf 90' lang='lat' dir='ltr'>ut</span> <span class='ocrx_word' id='word_1_318' title='bbox 773 2159 843 2175; x_wconf 82' lang='lat' dir='ltr'>voces</span> <span class='ocrx_word' id='word_1_319' title='bbox 865 2152 1024 2182; x_wconf 86' lang='lat' dir='ltr'>psallentium</span> <span class='ocrx_word' id='word_1_320' title='bbox 1043 2152 1154 2181; x_wconf 72' lang='lat' dir='ltr'>audivit⁷</span> <span class='ocrx_word' id='word_1_321' title='bbox 1177 2152 1254 2174; x_wconf 85' lang='lat' dir='ltr'>totius</span> <span class='ocrx_word' id='word_1_322' title='bbox 1273 2152 1401 2174; x_wconf 90' lang='lat' dir='ltr'>immemor</span> <span class='ocrx_word' id='word_1_323' title='bbox 1420 2151 1556 2174; x_wconf 84' lang='lat' dir='ltr'>debilitatis</span> <span class='ocrx_word' id='word_1_324' title='bbox 1575 2152 1679 2174; x_wconf 81' lang='lat' dir='ltr'>exsiluit</span> <span class='ocrx_word' id='word_1_325' title='bbox 1697 2152 1769 2180; x_wconf 78' lang='lat' dir='ltr'>agilis</span> 
     </span>
     <span class='ocr_line' id='line_1_36' title="bbox 149 2194 1768 2225; baseline -0.002 -6"><span class='ocrx_word' id='word_1_326' title='bbox 149 2200 177 2219; x_wconf 90' lang='lat' dir='ltr'>ut</span> <span class='ocrx_word' id='word_1_327' title='bbox 202 2203 288 2219; x_wconf 75' lang='lat' dir='ltr'>cervus</span> <span class='ocrx_word' id='word_1_328' title='bbox 312 2199 337 2218; x_wconf 89' lang='lat' dir='ltr'>et</span> <span class='ocrx_word' id='word_1_329' title='bbox 361 2203 441 2225; x_wconf 85' lang='lat' dir='ltr'>usque</span> <span class='ocrx_word' id='word_1_330' title='bbox 466 2196 496 2218; x_wconf 88' lang='lat' dir='ltr'>ad</span> <span class='ocrx_word' id='word_1_331' title='bbox 522 2197 640 2218; x_wconf 77' lang='lat' dir='ltr'>feretrum</span> <span class='ocrx_word' id='word_1_332' title='bbox 666 2195 707 2217; x_wconf 92' lang='lat' dir='ltr'>ubi</span> <span class='ocrx_word' id='word_1_333' title='bbox 733 2198 833 2217; x_wconf 85' lang='lat' dir='ltr'>sanctus</span> <span class='ocrx_word' id='word_1_334' title='bbox 853 2195 1009 2218; x_wconf 79' lang='lat' dir='ltr'>deserebatur</span> <span class='ocrx_word' id='word_1_335' title='bbox 1027 2195 1178 2224; x_wconf 82' lang='lat' dir='ltr'>perveniens</span> <span class='ocrx_word' id='word_1_336' title='bbox 1197 2195 1324 2223; x_wconf 86' lang='lat' dir='ltr'>antiquam</span> <span class='ocrx_word' id='word_1_337' title='bbox 1344 2195 1480 2216; x_wconf 79' lang='lat' dir='ltr'>mirabatur</span> <span class='ocrx_word' id='word_1_338' title='bbox 1499 2201 1525 2216; x_wconf 87' lang='lat' dir='ltr'>se</span> <span class='ocrx_word' id='word_1_339' title='bbox 1545 2194 1626 2216; x_wconf 90' lang='lat' dir='ltr'>subito</span> <span class='ocrx_word' id='word_1_340' title='bbox 1644 2194 1768 2223; x_wconf 77' lang='lat' dir='ltr'>recepisse</span> 
     </span>
     <span class='ocr_line' id='line_1_37' title="bbox 149 2236 1768 2268; baseline -0.002 -6"><span class='ocrx_word' id='word_1_341' title='bbox 149 2240 290 2262; x_wconf 82' lang='lat' dir='ltr'>sanitatem.</span> <span class='ocrx_word' id='word_1_342' title='bbox 329 2239 379 2261; x_wconf 88' lang='lat' dir='ltr'>Iam</span> <span class='ocrx_word' id='word_1_343' title='bbox 404 2245 460 2261; x_wconf 73' lang='lat' dir='ltr'>vero</span> <span class='ocrx_word' id='word_1_344' title='bbox 485 2245 512 2261; x_wconf 87' lang='lat' dir='ltr'>eo</span> <span class='ocrx_word' id='word_1_345' title='bbox 536 2239 635 2268; x_wconf 85' lang='lat' dir='ltr'>sepulto</span> <span class='ocrx_word' id='word_1_346' title='bbox 660 2238 825 2260; x_wconf 83' lang='lat' dir='ltr'>venerabilem</span> <span class='ocrx_word' id='word_1_347' title='bbox 849 2244 947 2267; x_wconf 86' lang='lat' dir='ltr'>quoque</span> <span class='ocrx_word' id='word_1_348' title='bbox 971 2238 1124 2267; x_wconf 80' lang='lat' dir='ltr'>pausationis</span> <span class='ocrx_word' id='word_1_349' title='bbox 1150 2237 1219 2259; x_wconf 88' lang='lat' dir='ltr'>illius</span> <span class='ocrx_word' id='word_1_350' title='bbox 1238 2237 1361 2259; x_wconf 86' lang='lat' dir='ltr'>tumulum</span> <span class='ocrx_word' id='word_1_351' title='bbox 1382 2237 1462 2260; x_wconf 85' lang='lat' dir='ltr'>virtus</span> <span class='ocrx_word' id='word_1_352' title='bbox 1480 2236 1564 2259; x_wconf 70' lang='lat' dir='ltr'>divina</span> <span class='ocrx_word' id='word_1_353' title='bbox 1582 2237 1676 2265; x_wconf 78' lang='lat' dir='ltr'>magnis</span> <span class='ocrx_word' id='word_1_354' title='bbox 1695 2237 1768 2258; x_wconf 80' lang='lat' dir='ltr'>mira-</span> 
     </span>
     <span class='ocr_line' id='line_1_38' title="bbox 150 2279 1768 2310; baseline -0.002 -7"><span class='ocrx_word' id='word_1_355' title='bbox 150 2282 260 2305; x_wconf 70' lang='lat' dir='ltr'>culorum</span> <span class='ocrx_word' id='word_1_356' title='bbox 286 2282 428 2310; x_wconf 84' lang='lat' dir='ltr'>insignibus</span> <span class='ocrx_word' id='word_1_357' title='bbox 447 2281 579 2310; x_wconf 70' lang='lat' dir='ltr'>clarificat,</span> <span class='ocrx_word' id='word_1_358' title='bbox 608 2287 663 2303; x_wconf 82' lang='lat' dir='ltr'>cum</span> <span class='ocrx_word' id='word_1_359' title='bbox 682 2281 716 2302; x_wconf 91' lang='lat' dir='ltr'>ibi</span> <span class='ocrx_word' id='word_1_360' title='bbox 735 2286 832 2309; x_wconf 86' lang='lat' dir='ltr'>quoque</span> <span class='ocrx_word' id='word_1_361' title='bbox 852 2281 914 2302; x_wconf 81' lang='lat' dir='ltr'>fiant</span> <span class='ocrx_word' id='word_1_362' title='bbox 932 2280 1039 2302; x_wconf 68' lang='lat' dir='ltr'>virtutes</span> <span class='ocrx_word' id='word_1_363' title='bbox 1058 2279 1172 2302; x_wconf 80' lang='lat' dir='ltr'>assiduae</span> <span class='ocrx_word' id='word_1_364' title='bbox 1193 2283 1216 2302; x_wconf 86' lang='lat' dir='ltr'>et</span> <span class='ocrx_word' id='word_1_365' title='bbox 1236 2280 1377 2302; x_wconf 85' lang='lat' dir='ltr'>tribuantur</span> <span class='ocrx_word' id='word_1_366' title='bbox 1397 2279 1519 2301; x_wconf 82' lang='lat' dir='ltr'>divinitus</span> <span class='ocrx_word' id='word_1_367' title='bbox 1538 2285 1581 2308; x_wconf 86' lang='lat' dir='ltr'>per</span> <span class='ocrx_word' id='word_1_368' title='bbox 1601 2279 1688 2301; x_wconf 86' lang='lat' dir='ltr'>merita</span> <span class='ocrx_word' id='word_1_369' title='bbox 1707 2279 1768 2301; x_wconf 82' lang='lat' dir='ltr'>sacri</span> 
     </span>
     <span class='ocr_line' id='line_1_39' title="bbox 150 2321 1769 2352; baseline -0.002 -6"><span class='ocrx_word' id='word_1_370' title='bbox 150 2324 297 2347; x_wconf 75' lang='lat' dir='ltr'>confessoris</span> <span class='ocrx_word' id='word_1_371' title='bbox 316 2324 407 2346; x_wconf 85' lang='lat' dir='ltr'>Christi</span> <span class='ocrx_word' id='word_1_372' title='bbox 426 2326 451 2346; x_wconf 90' lang='lat' dir='ltr'>et</span> <span class='ocrx_word' id='word_1_373' title='bbox 470 2325 609 2346; x_wconf 88' lang='lat' dir='ltr'>animarum</span> <span class='ocrx_word' id='word_1_374' title='bbox 629 2326 654 2345; x_wconf 87' lang='lat' dir='ltr'>et</span> <span class='ocrx_word' id='word_1_375' title='bbox 673 2329 799 2352; x_wconf 84' lang='lat' dir='ltr'>corporum</span> <span class='ocrx_word' id='word_1_376' title='bbox 821 2323 941 2345; x_wconf 84' lang='lat' dir='ltr'>sanitates</span> <span class='ocrx_word' id='word_1_377' title='bbox 961 2322 1129 2345; x_wconf 80' lang='lat' dir='ltr'>multimodae.</span> <span class='ocrx_word' id='word_1_378' title='bbox 1155 2325 1182 2344; x_wconf 86' lang='lat' dir='ltr'>ut</span> <span class='ocrx_word' id='word_1_379' title='bbox 1201 2322 1360 2344; x_wconf 82' lang='lat' dir='ltr'>benedicatur</span> <span class='ocrx_word' id='word_1_380' title='bbox 1379 2328 1435 2344; x_wconf 82' lang='lat' dir='ltr'>cum</span> <span class='ocrx_word' id='word_1_381' title='bbox 1455 2322 1530 2349; x_wconf 74' lang='lat' dir='ltr'>gloria</span> <span class='ocrx_word' id='word_1_382' title='bbox 1549 2324 1573 2343; x_wconf 89' lang='lat' dir='ltr'>et</span> <span class='ocrx_word' id='word_1_383' title='bbox 1591 2321 1706 2343; x_wconf 82' lang='lat' dir='ltr'>laudibus</span> <span class='ocrx_word' id='word_1_384' title='bbox 1726 2328 1769 2343; x_wconf 87' lang='lat' dir='ltr'>no-</span> 
     </span>
     <span class='ocr_line' id='line_1_40' title="bbox 150 2364 1769 2395; baseline -0.003 -5"><span class='ocrx_word' id='word_1_385' title='bbox 150 2374 207 2390; x_wconf 87' lang='lat' dir='ltr'>men</span> <span class='ocrx_word' id='word_1_386' title='bbox 228 2367 320 2389; x_wconf 85' lang='lat' dir='ltr'>domini</span> <span class='ocrx_word' id='word_1_387' title='bbox 340 2367 381 2389; x_wconf 87' lang='lat' dir='ltr'>dei</span> <span class='ocrx_word' id='word_1_388' title='bbox 399 2367 449 2389; x_wconf 83' lang='lat' dir='ltr'>vivi</span> <span class='ocrx_word' id='word_1_389' title='bbox 468 2373 513 2395; x_wconf 84' lang='lat' dir='ltr'>per</span> <span class='ocrx_word' id='word_1_390' title='bbox 531 2366 659 2389; x_wconf 87' lang='lat' dir='ltr'>dominum</span> <span class='ocrx_word' id='word_1_391' title='bbox 678 2368 789 2388; x_wconf 82' lang='lat' dir='ltr'>nostrum</span> <span class='ocrx_word' id='word_1_392' title='bbox 808 2366 891 2388; x_wconf 85' lang='lat' dir='ltr'>lesum</span> <span class='ocrx_word' id='word_1_393' title='bbox 911 2364 1053 2391; x_wconf 78' lang='lat' dir='ltr'>Christum,</span> <span class='ocrx_word' id='word_1_394' title='bbox 1079 2365 1119 2387; x_wconf 85' lang='lat' dir='ltr'>cui</span> <span class='ocrx_word' id='word_1_395' title='bbox 1140 2367 1177 2387; x_wconf 84' lang='lat' dir='ltr'>est</span> <span class='ocrx_word' id='word_1_396' title='bbox 1197 2365 1271 2392; x_wconf 81' lang='lat' dir='ltr'>gloria</span> <span class='ocrx_word' id='word_1_397' title='bbox 1290 2372 1344 2387; x_wconf 81' lang='lat' dir='ltr'>cum</span> <span class='ocrx_word' id='word_1_398' title='bbox 1363 2364 1447 2386; x_wconf 78' lang='lat' dir='ltr'>eodem</span> <span class='ocrx_word' id='word_1_399' title='bbox 1468 2367 1567 2386; x_wconf 85' lang='lat' dir='ltr'>aeterno</span> <span class='ocrx_word' id='word_1_400' title='bbox 1586 2366 1655 2392; x_wconf 85' lang='lat' dir='ltr'>patre</span> <span class='ocrx_word' id='word_1_401' title='bbox 1674 2367 1697 2385; x_wconf 83' lang='lat' dir='ltr'>et</span> <span class='ocrx_word' id='word_1_402' title='bbox 1719 2364 1769 2392; x_wconf 91' lang='lat' dir='ltr'>spi-</span> 
     </span>
     <span class='ocr_line' id='line_1_41' title="bbox 150 2408 875 2432; baseline -0.004 0"><span class='ocrx_word' id='word_1_403' title='bbox 150 2411 200 2432; x_wconf 89' lang='lat' dir='ltr'>ritu</span> <span class='ocrx_word' id='word_1_404' title='bbox 221 2412 304 2432; x_wconf 80' lang='lat' dir='ltr'>sancto</span> <span class='ocrx_word' id='word_1_405' title='bbox 322 2409 348 2431; x_wconf 86' lang='lat' dir='ltr'>in</span> <span class='ocrx_word' id='word_1_406' title='bbox 367 2409 449 2431; x_wconf 83' lang='lat' dir='ltr'>omnia</span> <span class='ocrx_word' id='word_1_407' title='bbox 469 2409 567 2432; x_wconf 73' lang='lat' dir='ltr'>saecula</span> <span class='ocrx_word' id='word_1_408' title='bbox 587 2409 747 2431; x_wconf 80' lang='lat' dir='ltr'>saeculorum.</span> <span class='ocrx_word' id='word_1_409' title='bbox 787 2408 875 2430; x_wconf 68' lang='lat' dir='ltr'>Amen.</span> 
     </span>
    </p>
   </div>
   <div class='ocr_carea' id='block_1_13' title="bbox 159 2487 296 2490">
    <p class='ocr_par' dir='ltr' id='par_1_15' title="bbox 159 2487 296 2490">
     <span class='ocr_line' id='line_1_42' title="bbox 159 2487 296 2490; baseline 0 0"><span class='ocrx_word' id='word_1_410' title='bbox 159 2487 296 2490; x_wconf 95' lang='lat' dir='ltr'> </span> 
     </span>
    </p>
   </div>
   <div class='ocr_carea' id='block_1_14' title="bbox 151 2533 1768 2739">
    <p class='ocr_par' dir='ltr' id='par_1_16' title="bbox 151 2533 1768 2739">
     <span class='ocr_line' id='line_1_43' title="bbox 240 2533 1767 2568; baseline -0.004 -8"><span class='ocrx_word' id='word_1_411' title='bbox 240 2537 269 2561; x_wconf 79' lang='lat'>16</span> <span class='ocrx_word' id='word_1_412' title='bbox 288 2543 378 2559; x_wconf 66' lang='lat' dir='ltr'>PASSIO</span> <span class='ocrx_word' id='word_1_413' title='bbox 396 2550 429 2553; x_wconf 88' lang='lat'><strong>—</strong></span> <span class='ocrx_word' id='word_1_414' title='bbox 450 2536 478 2559; x_wconf 77' lang='lat'>17</span> <span class='ocrx_word' id='word_1_415' title='bbox 499 2534 670 2568; x_wconf 69' lang='lat' dir='ltr'>EanTnnnn]</span> <span class='ocrx_word' id='word_1_416' title='bbox 693 2537 784 2565; x_wconf 79' lang='lat' dir='ltr'>incipit</span> <span class='ocrx_word' id='word_1_417' title='bbox 808 2536 913 2564; x_wconf 74' lang='lat' dir='ltr'>prefatio</span> <span class='ocrx_word' id='word_1_418' title='bbox 938 2536 1015 2558; x_wconf 74' lang='lat' dir='ltr'>sancti</span> <span class='ocrx_word' id='word_1_419' title='bbox 1039 2535 1138 2557; x_wconf 84' lang='lat' dir='ltr'>dionisii</span> <span class='ocrx_word' id='word_1_420' title='bbox 1165 2541 1220 2557; x_wconf 80' lang='lat' dir='ltr'>cum</span> <span class='ocrx_word' id='word_1_421' title='bbox 1246 2535 1318 2557; x_wconf 84' lang='lat' dir='ltr'>sociis</span> <span class='ocrx_word' id='word_1_422' title='bbox 1343 2535 1394 2556; x_wconf 74' lang='lat' dir='ltr'>suis</span> <span class='ocrx_word' id='word_1_423' title='bbox 1415 2534 1443 2557; x_wconf 86' lang='lat' dir='ltr'>P.</span> <span class='ocrx_word' id='word_1_424' title='bbox 1471 2534 1583 2563; x_wconf 80' lang='lat' dir='ltr'>prologus</span> <span class='ocrx_word' id='word_1_425' title='bbox 1608 2534 1632 2555; x_wconf 92' lang='lat' dir='ltr'>in</span> <span class='ocrx_word' id='word_1_426' title='bbox 1655 2533 1767 2562; x_wconf 80' lang='lat' dir='ltr'>passione</span> 
     </span>
     <span class='ocr_line' id='line_1_44' title="bbox 152 2576 1768 2608; baseline -0.004 -4"><span class='ocrx_word' id='word_1_427' title='bbox 152 2581 186 2604; x_wconf 64' lang='lat' dir='ltr'>sffi</span> <span class='ocrx_word' id='word_1_428' title='bbox 205 2581 307 2604; x_wconf 85' lang='lat' dir='ltr'>dionisii</span> <span class='ocrx_word' id='word_1_429' title='bbox 330 2581 374 2608; x_wconf 53' lang='lat' dir='ltr'>{vn</span> <span class='ocrx_word' id='word_1_430' title='bbox 394 2578 437 2601; x_wconf 65' lang='lat'>11³⁴.</span> <span class='ocrx_word' id='word_1_431' title='bbox 459 2586 515 2602; x_wconf 73' lang='lat' dir='ltr'>oc’r.</span> <span class='ocrx_word' id='word_1_432' title='bbox 537 2579 596 2603; x_wconf 70' lang='grc' dir='ltr'>Ντῖ.</span> <span class='ocrx_word' id='word_1_433' title='bbox 619 2578 676 2602; x_wconf 74' lang='lat' dir='ltr'>add.</span> <span class='ocrx_word' id='word_1_434' title='bbox 694 2577 733 2607; x_wconf 55' lang='grc' dir='ltr'>Οἳ]</span> <span class='ocrx_word' id='word_1_435' title='bbox 758 2580 787 2607; x_wconf 67' lang='lat' dir='ltr'>Q,</span> <span class='ocrx_word' id='word_1_436' title='bbox 816 2578 873 2607; x_wconf 67' lang='lat' dir='ltr'>int-p</span> <span class='ocrx_word' id='word_1_437' title='bbox 898 2579 980 2607; x_wconf 85' lang='lat' dir='ltr'>passio</span> <span class='ocrx_word' id='word_1_438' title='bbox 1003 2578 1036 2599; x_wconf 62' lang='lat' dir='ltr'>sffi</span> <span class='ocrx_word' id='word_1_439' title='bbox 1061 2584 1087 2600; x_wconf 86' lang='lat' dir='ltr'>ac</span> <span class='ocrx_word' id='word_1_440' title='bbox 1114 2578 1250 2600; x_wconf 82' lang='lat' dir='ltr'>beatissimi</span> <span class='ocrx_word' id='word_1_441' title='bbox 1276 2577 1374 2599; x_wconf 80' lang='lat' dir='ltr'>dionisii</span> <span class='ocrx_word' id='word_1_442' title='bbox 1400 2577 1513 2604; x_wconf 83' lang='lat' dir='ltr'>martyris</span> <span class='ocrx_word' id='word_1_443' title='bbox 1539 2583 1593 2598; x_wconf 83' lang='lat' dir='ltr'>cum</span> <span class='ocrx_word' id='word_1_444' title='bbox 1619 2576 1690 2598; x_wconf 71' lang='lat' dir='ltr'>sociis</span> <span class='ocrx_word' id='word_1_445' title='bbox 1716 2576 1768 2598; x_wconf 85' lang='lat' dir='ltr'>suis</span> 
     </span>
     <span class='ocr_line' id='line_1_45' title="bbox 153 2612 1767 2651; baseline -0.004 -5"><span class='ocrx_word' id='word_1_446' title='bbox 153 2625 238 2647; x_wconf 84' lang='lat' dir='ltr'>rustici</span> <span class='ocrx_word' id='word_1_447' title='bbox 259 2627 284 2646; x_wconf 81' lang='lat' dir='ltr'>et</span> <span class='ocrx_word' id='word_1_448' title='bbox 303 2621 435 2645; x_wconf 81' lang='lat' dir='ltr'>eleutherii</span> <span class='ocrx_word' id='word_1_449' title='bbox 455 2625 480 2644; x_wconf 81' lang='lat' dir='ltr'>et</span> <span class='ocrx_word' id='word_1_450' title='bbox 499 2624 537 2645; x_wconf 85' lang='lat' dir='ltr'>est</span> <span class='ocrx_word' id='word_1_451' title='bbox 556 2622 708 2645; x_wconf 82' lang='lat' dir='ltr'>sollemnitas</span> <span class='ocrx_word' id='word_1_452' title='bbox 728 2623 837 2651; x_wconf 81' lang='lat' dir='ltr'>ipsorum</span> <span class='ocrx_word' id='word_1_453' title='bbox 858 2627 904 2642; x_wconf 69' lang='lat' dir='ltr'>vn.</span> <span class='ocrx_word' id='word_1_454' title='bbox 928 2612 951 2642; x_wconf 71' lang='lat' dir='ltr'>id</span> <span class='ocrx_word' id='word_1_455' title='bbox 970 2613 1026 2643; x_wconf 65' lang='lat' dir='ltr'>ocffi</span> <span class='ocrx_word' id='word_1_456' title='bbox 1039 2619 1072 2647; x_wconf 77' lang='lat' dir='ltr'>M,</span> <span class='ocrx_word' id='word_1_457' title='bbox 1094 2621 1143 2642; x_wconf 75' lang='lat' dir='ltr'>inc.</span> <span class='ocrx_word' id='word_1_458' title='bbox 1166 2626 1230 2649; x_wconf 79' lang='lat' dir='ltr'>pass.</span> <span class='ocrx_word' id='word_1_459' title='bbox 1253 2619 1313 2642; x_wconf 57' lang='grc' dir='ltr'>πῆ</span> <span class='ocrx_word' id='word_1_460' title='bbox 1335 2622 1406 2641; x_wconf 88' lang='lat' dir='ltr'>mart.</span> <span class='ocrx_word' id='word_1_461' title='bbox 1428 2619 1528 2641; x_wconf 84' lang='lat' dir='ltr'>dionisii</span> <span class='ocrx_word' id='word_1_462' title='bbox 1548 2618 1633 2641; x_wconf 84' lang='lat' dir='ltr'>rustici</span> <span class='ocrx_word' id='word_1_463' title='bbox 1653 2620 1678 2640; x_wconf 88' lang='lat' dir='ltr'>et</span> <span class='ocrx_word' id='word_1_464' title='bbox 1696 2618 1767 2640; x_wconf 85' lang='grc'><strong>81811-</strong></span> 
     </span>
     <span class='ocr_line' id='line_1_46' title="bbox 151 2658 1768 2695; baseline -0.005 -5"><span class='ocrx_word' id='word_1_465' title='bbox 151 2667 225 2690; x_wconf 79' lang='lat' dir='ltr'>therii</span> <span class='ocrx_word' id='word_1_466' title='bbox 245 2666 274 2695; x_wconf 74' lang='lat' dir='ltr'>N,</span> <span class='ocrx_word' id='word_1_467' title='bbox 293 2666 425 2695; x_wconf 69' lang='lat' dir='ltr'>prozoyum</span> <span class='ocrx_word' id='word_1_468' title='bbox 443 2670 492 2688; x_wconf 87' lang='lat' dir='ltr'>om.</span> <span class='ocrx_word' id='word_1_469' title='bbox 508 2664 559 2686; x_wconf 71' lang='lat' dir='ltr'>MN</span> <span class='ocrx_word' id='word_1_470' title='bbox 676 2663 704 2687; x_wconf 77' lang='lat' dir='ltr'>is</span> <span class='ocrx_word' id='word_1_471' title='bbox 724 2664 842 2694; x_wconf 79' lang='lat' dir='ltr'>gloriosae</span> <span class='ocrx_word' id='word_1_472' title='bbox 860 2676 894 2680; x_wconf 89' lang='lat'><strong>—</strong></span> <span class='ocrx_word' id='word_1_473' title='bbox 913 2660 1057 2693; x_wconf 85' lang='lat' dir='ltr'>certamina]</span> <span class='ocrx_word' id='word_1_474' title='bbox 1076 2669 1122 2684; x_wconf 70' lang='lat' dir='ltr'>orn.</span> <span class='ocrx_word' id='word_1_475' title='bbox 1142 2665 1161 2690; x_wconf 67' lang='lat' dir='ltr'>‘J</span> <span class='ocrx_word' id='word_1_476' title='bbox 1279 2661 1305 2684; x_wconf 73' lang='lat'>21</span> <span class='ocrx_word' id='word_1_477' title='bbox 1329 2662 1483 2691; x_wconf 70' lang='lat' dir='ltr'>presumptio</span> <span class='ocrx_word' id='word_1_478' title='bbox 1503 2661 1524 2683; x_wconf 93' lang='lat' dir='ltr'><strong><em>P</em></strong></span> <span class='ocrx_word' id='word_1_479' title='bbox 1638 2658 1768 2691; x_wconf 59' lang='lat' dir='ltr'>retegitur]</span> 
     </span>
     <span class='ocr_line' id='line_1_47' title="bbox 151 2705 1002 2739; baseline -0.006 -7"><span class='ocrx_word' id='word_1_480' title='bbox 151 2711 244 2739; x_wconf 68' lang='lat' dir='ltr'>scripsi,</span> <span class='ocrx_word' id='word_1_481' title='bbox 266 2709 360 2737; x_wconf 76' lang='lat' dir='ltr'>regitur</span> <span class='ocrx_word' id='word_1_482' title='bbox 380 2706 423 2734; x_wconf 76' lang='grc' dir='ltr'>ΡΟ</span> <span class='ocrx_word' id='word_1_483' title='bbox 529 2705 635 2738; x_wconf 79' lang='lat' dir='ltr'>tantum]</span> <span class='ocrx_word' id='word_1_484' title='bbox 654 2713 700 2730; x_wconf 81' lang='lat' dir='ltr'>om.</span> <span class='ocrx_word' id='word_1_485' title='bbox 719 2706 738 2734; x_wconf 79' lang='lat' dir='ltr'><em>Q</em></span> <span class='ocrx_word' id='word_1_486' title='bbox 844 2705 875 2729; x_wconf 77' lang='lat'>22</span> <span class='ocrx_word' id='word_1_487' title='bbox 895 2706 950 2728; x_wconf 71' lang='lat' dir='ltr'>duri</span> <span class='ocrx_word' id='word_1_488' title='bbox 971 2705 1002 2727; x_wconf 66' lang='lat' dir='ltr'>P]</span> 
     </span>
    </p>
   </div>
  </div>
 </body>
</html>
