2038 3036
673 117 870 145 CARMINVM
891 119 958 145 LIB.
980 121 1029 146 ΙΙΙ.
1612 126 1643 153 ol

365 211 505 249 Christe7
535 211 621 242 salus
645 221 766 243 rerum.
793 213 873 243 bone
897 214 1038 245 conditor
1060 218 1154 254 atque
1178 215 1373 256 redemptor,

450 261 543 292 unica
566 263 734 302 progenies
758 273 797 293 ex
821 263 938 295 deitate
963 266 1079 305 patris,

363 312 604 343 inrecitabiliter
627 323 760 343 manans
784 314 823 344 de
848 315 940 346 601116
964 316 1122 356 parentis.

280 377 308 395 50
450 364 580 395 verbum
605 364 784 395 subsistens
808 369 838 396 et
861 371 1027 406 penetrare
1051 372 1179 407 potens.

363 415 507 455 aequalis
532 425 659 446 concors
683 415 804 449 socius.
833 426 902 447 cum
926 421 1013 458 patre
1039 428 1191 451 coaevus.

448 476 509 506 quo
534 466 669 507 sumpsit
691 466 827 497 mundus
851 468 993 508 principe
1018 469 1224 510 principium:

362 518 493 548 aethera
518 517 703 558 suspendis,
731 518 799 548 sola
823 519 983 558 congeris,
1011 530 1148 559 aequora
1172 521 1296 560 fundis7

447 579 593 608 quaeque
617 569 695 599 loeis
719 570 864 601 habitant
887 580 947 610 quo
972 571 1154 602 moderante
1180 572 1305 612 vigent,

362 620 415 659 qui
439 630 540 660 genus
564 620 737 651 humanum
762 631 894 652 eerncns
917 622 1065 653 mersisse
1090 623 1262 662 profundo.

449 676 481 702 ut
505 671 663 703 homiuem
688 672 826 712 eriperes
851 682 884 703 es
908 683 1031 713 quoque
1056 674 1157 704 factus
1182 674 1290 707 homo:

362 733 420 754 nec
444 723 572 754 voluisti
596 723 712 754 etenim
738 728 859 754 tantum
883 729 913 755 tc
938 734 1065 764 corpore
1090 725 1195 757 nasci.

448 774 504 805 sed
529 784 599 805 caro
624 784 705 814 quae
729 775 835 806 nasei.
864 775 993 815 pertulit
1017 780 1110 815 atque
1135 777 1228 807 mori:

362 825 482 856 funeris
507 825 660 864 exequias
684 826 801 866 pateris
826 826 910 857 ritae
934 830 1044 857 auctor
1067 830 1098 857 et
1121 827 1222 859 orbis.

278 890 306 907 [ιω
446 877 546 907 intras
571 877 679 908 mortis
702 877 763 908 iter
787 877 891 908 dando
916 878 1027 909 salutis
1052 888 1152 918 opem.

360 928 464 959 tristia
488 932 651 959 cesserunt
673 929 816 960 infernae
840 929 969 960 vincula
993 930 1074 969 legis

447 979 639 1020 expavitque
664 979 759 1010 ehaos
784 980 911 1011 luminis
936 991 987 1011 ore
1012 981 1131 1021 premi:

361 1031 536 1072 depereunt
559 1032 709 1062 tenebrae
734 1032 850 1063 Christi
875 1032 998 1072 fulgore
1023 1032 1152 1072 fugatae

447 1086 478 1113 et
502 1086 602 1113 tetrae
627 1083 727 1114 noctis
751 1083 850 1123 pallia
874 1093 982 1114 crassa
1006 1084 1131 1114 cadunt.

277 1145 306 1164 65
360 1134 534 1174 pollicitam
560 1134 616 1165 sed
641 1134 738 1165 redde
762 1135 876 1167 tidem.
904 1145 1028 1175 precor,
1056 1136 1142 1166 alma
1165 1139 1321 1176 potestas:

447 1185 542 1216 tertia
566 1186 620 1216 lux
645 1185 756 1217 rediit.
784 1195 895 1225 surge.
925 1186 1048 1226 sepulte
1070 1197 1172 1217 meus.

360 1247 422 1267 non
446 1236 553 1269 decet,
581 1241 615 1267 ut
638 1236 749 1267 humili
773 1238 894 1267 tumulo
917 1241 973 1268 tua
997 1238 1138 1269 membra
1161 1243 1328 1278 tegantur.

447 1298 508 1319 neu
532 1288 668 1328 pretium
692 1289 803 1319 mundi
827 1288 904 1319 vilia
928 1298 1007 1319 saxa
1030 1293 1183 1329 premant.

359 1339 525 1379 indignum
550 1342 613 1370 est.
642 1339 731 1370 cuius
756 1339 947 1370 clauduntur
970 1344 1082 1371 cuncta
1107 1341 1246 1381 pugillo.

276 1402 305 1420 τυ
446 1394 479 1420 ut
502 1394 590 1430 tegat
613 1390 768 1421 inclusum
793 1401 871 1431 rupe
895 1395 1022 1422 vetante
1047 1392 1138 1432 lapis.

359 1441 458 1473 lintea
480 1442 573 1480 tolle,
602 1452 728 1482 precor.
757 1442 885 1472 sudaria
910 1442 1015 1482 linque
1040 1443 1224 1483 sepulchro:

445 1496 477 1524 tu
502 1493 580 1523 satis
605 1503 639 1524 es
663 1493 754 1524 nobis
779 1498 809 1524 et
832 1494 899 1524 sine
923 1498 954 1524 te
978 1494 1056 1524 nihil
1081 1498 1138 1525 est.

359 1544 446 1576 solve
471 1548 633 1575 catenatas
657 1545 772 1575 inferni
796 1545 933 1576 carceris
957 1546 1085 1576 umbras

445 1599 476 1627 et
499 1606 612 1627 revoea
636 1605 760 1626 sursum
785 1596 939 1636 quidquid
963 1597 1004 1627 ad
1028 1597 1091 1627 ima
1115 1597 1186 1628 ruit.

276 1659 305 1677 75
359 1647 457 1679 redde
480 1651 566 1678 tuam
590 1647 722 1679 faeiem.
750 1647 881 1678 videant
905 1652 938 1679 ut
961 1649 1089 1679 saecula
1116 1649 1237 1684 lumen,

445 1698 543 1730 redde
567 1699 649 1730 diem
675 1699 727 1739 qui
751 1709 808 1730 nos
833 1703 862 1730 te
887 1700 1038 1731 moriente
1062 1700 1154 1739 fugit.

361 1750 417 1782 sed
440 1751 535 1791 plane
559 1751 687 1791 inplesti
711 1761 873 1782 remeans.
902 1751 952 1792 pie
976 1751 1090 1782 victor.
1118 1751 1159 1782 ad
1183 1752 1306 1782 orbem:

445 1802 580 1833 Tartara
604 1812 714 1842 pressa
739 1802 843 1833 iacent
866 1813 924 1834 nec
950 1813 1008 1833 suav
1030 1803 1100 1834 iura
1123 1807 1247 1839 tenent;

359 1853 480 1884 inferus
503 1853 756 1884 insaturabiliter
780 1864 858 1884 cava
882 1857 1010 1894 guttura
1033 1854 1196 1895 pandens,

275 1915 304 1934 so
445 1905 498 1944 qui
522 1905 626 1945 rapuit
650 1915 791 1945 semper.
819 1905 853 1936 tit
876 1909 930 1936 tua
953 1905 1089 1946 praeda,
1118 1906 1213 1937 deus:

359 1956 456 1997 eripis
480 1956 680 1987 innumerum
705 1956 856 1997 populum
882 1956 920 1987 de
945 1966 1069 1988 carcere
1093 1957 1203 1988 mortis

445 2011 476 2038 et
500 2007 642 2047 sequitur
665 2007 746 2038 liber
769 2017 829 2047 quo
854 2017 930 2038 suus
953 2011 1063 2038 auctor
1085 2008 1169 2041 adit:

359 2059 476 2090 evomit
498 2059 679 2099 absorptam
703 2059 825 2099 trepide
850 2059 918 2090 fera
941 2059 1036 2090 belua
1059 2059 1184 2099 plebem

445 2114 475 2141 et
500 2110 538 2141 de
563 2110 655 2141 t'auee
679 2110 745 2151 lupi
770 2110 926 2141 subtrahit
949 2120 1052 2150 agnus
1076 2121 1161 2142 oves.

275 2172 304 2191 55
358 2161 431 2193 hinc
454 2162 611 2192 tumulum
635 2165 800 2202 repetens,
828 2166 898 2202 post
922 2163 1055 2192 Tartara
1079 2172 1173 2193 carne
1197 2166 1376 2203 resumpta,

443 2212 580 2253 belliger
603 2213 644 2244 ad
668 2213 773 2244 caelos
797 2213 904 2253 amplav
927 2217 1057 2254 tropaea
1079 2213 1196 2244 refers:

95 2427 125 2450 47
145 2426 238 2460 rerum]
262 2428 391 2451 homiuum
410 2428 430 2450 L
536 2429 567 2451 4⁴³
588 2432 703 2458 parentes
724 2429 758 2451 ³1¹
865 2429 896 2452 525
915 2430 1030 2452 aetherea
1051 2429 1103 2453 C'lF
1206 2430 1236 2452 54
1259 2432 1380 2459 (quaeque
1398 2437 1441 2458 pro
1460 2433 1637 2459 quaecumque)

28 2470 58 2493 55
79 2471 207 2494 hamanum
228 2471 255 2493 M
358 2472 389 2495 56
409 2473 510 2501 eriperis
534 2471 624 2501 C'lel,
645 2473 762 2501 striperes
782 2472 802 2494 R
908 2472 938 2495 57
959 2479 1004 2495 nee
1023 2486 1054 2488 —
1074 2476 1169 2495 tantum
1189 2474 1204 2496 i.
1226 2480 1272 2495 ruer.
1296 2475 1306 2495 1
1328 2480 1360 2495 m.
1383 2473 1403 2494 Β
1508 2476 1530 2495 te
1549 2480 1595 2496 om.
1619 2474 1641 2494 Ι)

27 2513 58 2535 59
77 2515 208 2543 exsequias
228 2513 276 2536 ΜΒ
388 2514 420 2537 60
441 2516 506 2537 iuter
527 2514 554 2537 (¹¹
671 2514 699 2538 61
723 2516 839 2538 tristive
861 2515 886 2540 P,
910 2516 1014 2538 tristicia
1034 2515 1054 2537 R
1158 2514 1281 2547 infernae]
1300 2516 1392 2538 inserui
1413 2516 1438 2541 F,
1462 2517 1558 2538 inferna
1577 2519 1601 2538 et
1624 2518 1641 2535 Γ

27 2556 57 2579 62
77 2558 240 2586 expavitque:
263 2564 278 2579 x
294 2559 305 2579 Ι
321 2565 353 2580 m.
369 2565 396 2580 ez
410 2561 419 2580 t
433 2558 452 2579 C
556 2557 586 2580 64
607 2558 685 2587 pallea
701 2558 720 2580 L
825 2558 857 2580 (38
878 2565 925 2580 neu
946 2560 959 2581 i.
977 2566 1024 2581 ms,
1043 2561 1052 2581 1
1069 2566 1100 2582 m.
1118 2558 1143 2580 A!
1248 2559 1277 2581 73
1297 2561 1394 2580 catenas
1415 2558 1435 2579 P
1536 2559 1640 2580 varenis

28 2598 70 2628 Ml,
92 2606 151 2622 corr.
174 2599 210 2622 ,111
350 2600 380 2623 74
401 2601 520 2630 quidquid
541 2599 690 2633 APJJRle]
711 2602 829 2630 quicquid
852 2600 965 2623 CDGBL
1099 2601 1129 2624 70*
1150 2602 1237 2630 fugent
1257 2601 1278 2622 P
1415 2600 1444 2623 77
1464 2601 1568 2630 implisti
1591 2602 1609 2622 C

26 2649 150 2665 remeans:
172 2650 185 2664 a
198 2644 213 2665 ἱ.
229 2650 276 2666 ras.
296 2644 306 2665 1
321 2650 353 2666 m.
371 2643 391 2665 P
493 2645 533 2673 pia
547 2643 590 2666 BL
697 2643 727 2666 79
748 2651 819 2666 caua:
836 2644 879 2667 alt.
896 2645 938 2666 ai.
954 2651 1001 2666 ras.
1021 2646 1030 2665 l
1046 2651 1078 2666 m.
1096 2644 1122 2670 P,
1145 2651 1216 2666 causa
1232 2644 1252 2665 Α
1357 2646 1426 2672 gutta
1442 2643 1481 2671 (1⁷1,
1498 2650 1556 2665 corr.
1574 2642 1605 2664 Gl

27 2685 138 2714 paudeu›
153 2685 184 2707 Pl
290 2685 321 2709 82
343 2692 402 2715 quos
417 2686 438 2708 P
542 2693 597 2709 suos
612 2686 647 2708 Jll
754 2686 784 2709 §3
805 2688 898 2709 euomit
913 2685 1044 2718 JIRLRF]
1064 2691 1161 2709 eueniet
1182 2685 1294 2708 AFPJAE
1400 2687 1536 2715 absorptam
1551 2684 1641 2717 DLBffl

27 2728 162 2751 absorbtam
179 2729 201 2757 (b
215 2736 267 2757 sup.
285 2736 330 2751 scr.
347 2731 357 2751 I
374 2733 417 2758 m.)
436 2729 462 2758 (J,
483 2730 603 2752 absonam
620 2729 795 2759 ΑΡᾸΙΗῙΒῙΚ,
817 2730 937 2753 obsortam
953 2728 985 2749 (1⁰2
1089 2729 1218 2759 trepi-mie
1234 2728 1265 2757 M,
1287 2729 1383 2759 trepida
1396 2729 1417 2751 R
1523 2729 1552 2751 bs)
1573 2727 1641 2759 hinc}

26 2776 90 2792 nun<¹
112 2771 131 2792 F
234 2770 368 2803 tumulum]
387 2772 470 2794 tumul
490 2772 513 2793 D
619 2771 649 2795 so
669 2771 778 2803 tropaea]
798 2776 880 2802 tropea
901 2771 930 2799 (ι’,
952 2773 1052 2801 trophea
1072 2773 1121 2796 rell,
