2038 3036
59 675 86 693 10

60 929 87 948 15

59 1184 87 1203 20

59 1440 88 1459 25

60 1696 70 1715 :3
77 1696 89 1715 Ο

62 2211 92 2230 -10

65 2467 94 2486 45

696 111 787 136 VITA
807 110 942 137 SANCTI
962 110 1133 137 AMANTII.
1685 117 1724 145 (323

197 206 256 245 (87)
284 205 407 236 Rursus
437 213 507 235 cum
538 203 693 234 adversus
717 204 939 236 Ruthenenscs
964 205 1177 236 Marcomanni
1201 208 1304 236 truces
1328 206 1511 245 ingruerent
1535 216 1721 246 omnemque

106 258 170 288 late
185 255 380 297 provinciam
397 254 474 286 belli
489 255 573 285 nube
590 255 752 292 texissent7
781 274 822 277 —
838 256 936 286 atroci
952 256 1068 287 etenim
1086 266 1201 287 corona
1217 256 1381 287 cinxerant
1398 256 1559 288 civitatem
1575 276 1627 295 —‚
1655 257 1726 288 hor-

106 308 218 340 rebant
234 317 393 338 murorum
408 305 573 337 interiecto
590 305 774 336 discrimine
791 306 907 337 strictis
924 307 1136 338 mucronibus.
1182 307 1330 338 Addebat
1353 308 1447 338 etiam
1465 308 1611 339 fiduciam
1630 309 1727 340 hosti-

106 359 165 390 bus
189 358 358 389 multitudo
380 357 511 397 ingens,
540 359 656 387 natura
680 356 784 395 ferox,
813 366 943 396 quorum
968 357 1076 397 fugam
1101 358 1260 389 sternebat
1284 359 1405 398 passim
1429 359 1498 390 dira
1522 359 1591 390 lues
1616 359 1727 390 immiti

106 419 198 449 ense,
234 409 320 440 fame
349 408 497 439 obscena.
559 408 617 447 (88)
648 407 816 447 Consurgit
846 408 974 439 tandem
1005 409 1037 439 in
1062 409 1211 440 ultionem
1236 409 1425 440 famulorum
1450 410 1598 441 sacerdos
1623 414 1728 441 noster

106 463 384 502 propugnatorque
409 458 599 490 fortissimus
623 461 654 489 et
677 458 721 489 ita
745 462 872 498 gentem
897 462 993 490 totam
1019 470 1080 490 uno
1099 460 1209 491 timore
1228 460 1394 500 percussit7
1423 460 1506 499 quod
1527 461 1727 492 discedentes

106 521 224 553 pavore
255 511 364 551 fugam
395 509 586 550 arriperent,
626 509 707 540 sicut
740 510 920 541 vehementi
952 510 1056 541 surm-e
1088 521 1176 541 arma
1206 515 1387 551 rapuerant.
1453 513 1509 551 (89,
1546 512 1627 542 Nam
1657 523 1727 542 curn

107 562 301 595 fortissimae
332 561 437 601 gentis
461 560 558 592 duces
582 560 825 600 ingrederentur
848 571 887 591 ex
912 571 997 592 more
1022 561 1203 598 basilicam,
1240 562 1283 593 nti
1309 572 1359 592 res
1384 562 1540 593 secundas
1564 567 1728 603 poscerent

107 614 182 653 suis,
211 613 366 644 tumulum
390 612 529 653 petiere:
557 611 664 642 statim
688 612 891 643 circumiecta
915 612 1082 652 sepulchro
1106 613 1266 643 velamina
1290 623 1372 644 nunc
1396 614 1529 644 alteram
1553 614 1584 644 in
1608 618 1728 654 partem

106 669 141 697 ut
172 668 243 696 acta
273 663 382 695 flabris
413 673 513 694 novae
545 662 670 693 virtutis
702 663 854 693 miraculo
887 663 1065 701 sinuantur.
1101 673 1236 702 magnus
1268 674 1285 694 e
1314 664 1436 694 10111010
1461 664 1597 703 liquatur
1621 664 1725 695 sudor.

111 716 170 755 (90)
201 715 506 747 Commemoratione
531 713 626 745 etiam
650 714 730 744 mira
754 723 877 744 sacrum
901 714 941 744 dc
965 714 1084 744 tumulo
1108 714 1255 745 velamen
1273 715 1437 753 excutitur.
1467 718 1646 746 sternuntur
1663 716 1729 745 solo

107 767 205 798 duces
236 776 291 807 pro
321 765 423 806 gloria
452 765 589 796 reditum
621 764 730 804 fugam
762 774 818 804 pro
850 764 1002 795 felicitate
1030 768 1199 804 poscentes
1224 768 1255 795 et
1278 765 1340 805 ipsi
1363 765 1461 796 atroci
1486 765 1572 805 prius
1596 766 1729 796 saevitia

106 818 336 849 immanitatem
375 816 567 856 transgressi
605 815 737 846 feralem
776 815 807 845 in
842 815 1003 846 hominum
1038 825 1141 846 mores
1176 825 1257 846 novo
1292 816 1426 847 redeunt
1460 820 1544 847 metu
1579 816 1725 856 perculsi.

114 870 172 909 (91)
200 869 249 900 Ab
274 868 412 899 oratione
435 867 543 907 itaque
566 870 761 906 consurgunt
784 866 981 905 terribilique
1006 876 1081 896 sono
1105 866 1200 897 tubae
1224 876 1303 905 gens
1326 870 1393 897 tota
1416 866 1625 904 contrahitur.
1659 877 1730 906 pro-

108 920 155 951 dit
184 923 303 951 metum
334 919 437 960 pallor
460 917 581 949 timoris
604 916 700 948 index
724 917 905 957 factumque
929 917 1072 957 trepidus
1097 926 1198 948 sermo
1222 917 1424 948 miraculum:
1458 918 1567 948 horror
1591 917 1728 948 onmium

108 972 210 1011 quatit
243 971 400 1009 membra,
439 970 581 1001 novitate
615 968 740 999 virtutis
775 968 881 1008 placet
916 968 1007 1008 fuga,
1047 968 1146 999 densa
1180 969 1261 999 mole
1296 968 1474 999 referuntur
1508 968 1548 999 ad
1580 968 1725 1008 patriam.

113 1024 172 1063 (92)
201 1023 334 1053 Peracto
364 1021 472 1060 itaque
504 1020 638 1052 triennio
661 1019 720 1050 1100
743 1030 804 1059 (1110
828 1019 915 1060 prius
939 1019 1070 1050 veniunt
1094 1019 1198 1050 furore
1223 1020 1383 1051 succensi.
1420 1020 1479 1050 hac
1503 1019 1650 1050 saeviunt
1672 1019 1730 1049 im-

107 1073 260 1105 manitate
291 1073 502 1110 bacchantes,
539 1082 579 1103 ex
602 1072 661 1102 hoc
684 1070 820 1102 redeunt
842 1070 996 1101 miraculo
1021 1070 1200 1101 commoniti
1223 1070 1343 1110 hocque
1368 1070 1494 1111 fugiunt
1517 1080 1632 1111 pavore
1657 1081 1729 1111 pcr-

108 1125 187 1156 culsi
212 1128 243 1156 et
266 1124 311 1156 ita
333 1127 442 1165 pastor
464 1123 613 1163 egregius
638 1132 766 1162 gregem
792 1132 884 1153 suum
908 1122 948 1152 ab
972 1122 1099 1152 incursu
1124 1122 1269 1162 luporum
1293 1122 1341 1153 bis
1367 1122 1448 1153 eruit
1472 1132 1534 1152 una
1558 1122 1683 1152 virtute.

199 1177 256 1216 (93)
286 1175 398 1207 Dicam
426 1175 540 1206 iterum
571 1174 758 1205 miraculum
790 1173 873 1213 quod
904 1173 973 1214 ipsa
1003 1174 1127 1204 Rutena
1159 1173 1235 1204 urbe
1265 1177 1344 1204 teste
1376 1173 1535 1213 conspexi.
1591 1173 1727 1203 Puerum

107 1227 267 1267 quendam
301 1226 515 1267 Euphrasium
550 1226 676 1257 nomine
710 1229 778 1256 arto
814 1224 902 1256 dirae
937 1224 1129 1255 infirmitatis
1163 1234 1246 1255 nexu
1281 1224 1511 1255 constrinxerat
1544 1224 1642 1255 hostis
1676 1224 1731 1255 ille

108 1278 297 1310 multimoda
325 1277 459 1309 nocendi
487 1280 554 1308 arte
579 1277 786 1308 saevissimus
811 1280 905 1315 atque
930 1286 984 1306 ora
1008 1276 1173 1307 ferocitate
1197 1276 1414 1307 obseraverat,
1451 1275 1578 1315 dempto
1601 1275 1730 1314 linguae

107 1334 195 1360 motu
226 1333 257 1361 et
288 1329 378 1360 fandi
408 1329 555 1360 libertate
588 1329 729 1362 sublata,
766 1328 875 1358 luebat
907 1327 993 1367 longi
1017 1327 1169 1358 maeroris
1192 1337 1329 1367 paenam
1353 1327 1500 1357 diuturno
1525 1326 1650 1357 silentio
1674 1336 1731 1357 1100

108 1381 176 1412 ulla
207 1380 249 1412 ad
279 1379 431 1411 afflictum
463 1379 597 1411 conferri
627 1383 771 1420 poterant
803 1378 945 1410 remedia
969 1378 1125 1409 sanitatis.
1179 1379 1239 1418 (94)
1268 1377 1411 1408 Tandem
1436 1377 1577 1408 intirmus
1600 1377 1731 1408 audacis

108 1432 183 1463 fidei
212 1432 336 1463 fervore
365 1441 536 1463 succensus
570 1430 671 1462 sancti
695 1430 794 1471 patris
820 1430 975 1460 tumulum
1000 1429 1091 1470 petiit
1114 1433 1146 1460 et
1169 1429 1289 1460 tinnulo
1312 1429 1459 1460 velamen
1483 1428 1662 1468 contiguum
1687 1429 1731 1459 ori

108 1483 266 1515 violentus
295 1483 404 1514 iniecit
434 1486 466 1514 et
493 1482 567 1513 ilico
597 1482 785 1513 verberante
818 1491 873 1512 ora
897 1481 1026 1521 linguae
1051 1481 1171 1521 plectro
1196 1484 1355 1511 auctorem
1379 1479 1538 1510 Christum
1563 1489 1622 1509 vox
1647 1479 1733 1509 clara

109 1535 270 1566 collaudat
294 1534 499 1574 divinamque
523 1534 672 1565 virtutem
695 1536 727 1564 et
749 1532 863 1563 merita
886 1532 1049 1563 bellatoris
1074 1532 1197 1571 antiqui
1221 1531 1325 1562 soluta
1348 1531 1459 1571 lingua
1482 1534 1614 1561 testatur
1638 1534 1668 1560 et
1688 1530 1732 1561 ita

107 1586 251 1618 infirmus
279 1586 335 1617 ille
366 1596 383 1617 e
414 1585 549 1617 basilica
572 1585 696 1616 Christo
727 1584 894 1616 referendo
925 1583 1045 1623 gratias
1070 1592 1167 1613 sanus
1192 1582 1353 1622 egreditur
1375 1585 1536 1620 totamque
1561 1581 1732 1612 exultando

109 1637 263 1678 percurrit
285 1637 394 1668 urbem
417 1637 498 1668 tanti
521 1636 667 1667 miraculi
690 1636 780 1667 testis
804 1645 841 1666 ac
865 1635 1004 1665 nuntius.

202 1689 262 1729 (95)
291 1688 369 1719 Item
401 1688 481 1719 latro
505 1687 635 1728 quidam
659 1686 869 1718 saevissimus
893 1686 1045 1717 viatorem
1070 1686 1231 1716 incautum
1256 1684 1336 1723 adit.
1372 1683 1525 1715 interimit
1549 1684 1731 1724 prosternit-

109 1732 186 1780 que7
224 1739 326 1780 spolia
356 1739 466 1779 diripit
494 1749 532 1770 ac
562 1739 625 1770 telo
654 1738 776 1769 ultricis
809 1737 1021 1769 conscientiae
1051 1737 1218 1778 perculsus
1247 1735 1383 1775 aufugit.
1432 1735 1542 1775 Ignoto
1566 1735 1690 1766 cuidam
1715 1746 1733 1765 a

109 1792 231 1823 latrone
267 1790 399 1822 extincti
432 1790 622 1821 vestimenta
655 1789 852 1827 venduntur,
891 1788 1007 1828 quibus
1042 1788 1149 1828 palam
1182 1788 1249 1818 sine
1279 1797 1368 1817 mora
1397 1786 1544 1827 prolatis⁷
1583 1786 1733 1817 innocens

110 1846 232 1884 emptor
262 1841 304 1872 ad
335 1841 493 1882 supplicia
522 1840 644 1881 rapitur
674 1844 705 1871 et
727 1840 826 1871 alieni
851 1839 981 1870 sceleris
1006 1849 1110 1879 paena
1134 1841 1311 1878 torquetur⁷
1347 1838 1378 1868 in
1403 1847 1558 1869 carcerem
1585 1836 1728 1868 truditur.

109 1894 284 1935 profertur,
320 1893 522 1931 verberatur⁷
559 1891 678 1922 carceri
707 1891 851 1922 redditur
881 1895 912 1922 et
944 1890 1223 1930 comperendinato
1255 1889 1305 1920 die
1335 1888 1441 1919 letalis
1471 1888 1606 1929 patibuli
1630 1898 1731 1928 paena

61 1953 87 1971 ³⁵7
111 1945 266 1976 differtur.
320 1944 380 1983 (96)
408 1944 535 1974 Interea
557 1943 767 1983 intempestae
791 1942 892 1973 noctis
917 1941 1042 1972 silentio
1067 1941 1174 1971 divino
1199 1940 1322 1979 fulgore
1346 1949 1455 1970 carcer
1478 1939 1615 1970 emicuit.
1643 1939 1734 1970 adest

111 1996 269 2037 gloriosus
292 1995 459 2026 Amantius
483 1994 584 2025 nivali
608 1993 778 2034 splendore
802 1993 1001 2033 conspicuus,
1030 1995 1222 2023 maerentem
1247 1991 1363 2029 visitat,
1392 2000 1505 2021 nomen
1530 1990 1624 2021 edicit
1647 1994 1678 2021 et
1701 1993 1734 2019 ut

111 2047 254 2079 crudelia
284 2049 441 2078 tormenta
464 2046 598 2086 effugiat
621 2045 814 2076 exhortatur.
860 2044 937 2075 Ilico
961 2046 1029 2074 arta
1053 2043 1127 2074 ferri
1152 2042 1257 2073 vincla
1281 2041 1455 2079 dissiliunt,
1492 2041 1630 2072 claustra
1654 2050 1734 2080 pan-

112 2098 238 2137 duntur⁷
262 2097 405 2139 procedit
421 2097 596 2128 vinctorum
613 2106 725 2127 manus
741 2095 837 2135 fitque
854 2098 1020 2126 nocentum
1037 2094 1124 2124 salus
1141 2093 1297 2124 absolutio
1313 2092 1502 2123 innocentis.
1556 2093 1612 2129 {97}
1643 2092 1734 2122 l’atct

112 2159 235 2189 career,
264 2149 306 2181 ad
328 2149 494 2180 basilicam
519 2147 739 2188 gloriosissimi
763 2146 1000 2187 triumphatoris
1024 2145 1220 2185 confugitur,
1248 2145 1413 2185 pulsantur
1438 2144 1538 2179 fores.
1567 2153 1639 2173 mox
1663 2153 1731 2173 sera

112 2211 193 2232 novo
222 2200 374 2231 miraculo
404 2200 519 2231 illaesa
549 2199 615 2230 solo
643 2198 757 2230 resiliit
786 2201 817 2229 et
840 2197 885 2228 ita
908 2197 1111 2228 beatissimus
1135 2195 1302 2226 Amantius
1326 2195 1433 2226 divino
1458 2204 1586 2225 munere
1610 2194 1649 2224 ab
1673 2194 1733 2223 im-

112 2252 252 2283 minente
287 2251 383 2283 exitio
418 2251 608 2291 dampnatos
643 2250 758 2290 eripuit
791 2258 945 2288 sacraque
976 2251 1101 2288 ereptos
1133 2246 1264 2277 basilica
1295 2246 1381 2277 dulci
1412 2245 1532 2285 gremio
1564 2244 1733 2275 salvandos

113 2303 250 2344 excepit.

206 2355 263 2394 (98)
293 2354 321 2385 A
344 2353 465 2384 latrone
490 2362 614 2393 quoque
637 2351 766 2392 quidam
789 2350 823 2381 in
848 2350 1030 2390 praesentia
1052 2349 1111 2379 viri
1135 2349 1236 2379 bonae
1253 2347 1466 2379 conscientiae
1483 2347 1646 2384 occiditur,
1675 2346 1731 2377 sed

115 2416 184 2436 cuni
215 2415 249 2436 se
280 2405 360 2436 latro
389 2414 481 2435 cursu
510 2403 654 2444 praepeti
685 2402 872 2442 confugiens
903 2401 1110 2439 occultasset,
1146 2400 1296 2430 innocens
1324 2399 1380 2429 ille
1410 2402 1554 2429 metuens
1584 2407 1623 2428 ne
1648 2401 1734 2428 stans

114 2457 204 2488 iuxta
233 2465 345 2497 corpus
374 2455 504 2486 extincti
533 2455 632 2486 alieni
664 2453 793 2485 sceleris
824 2462 944 2493 paenas
976 2451 1151 2491 exciperet⁷
1190 2450 1354 2481 basilicam
1385 2449 1469 2480 beati
1498 2448 1735 2488 triumphatoris

116 2507 264 2548 expetiit,
299 2517 318 2537 a
348 2506 533 2547 propinquis
564 2505 694 2537 extincti
725 2504 882 2535 artissime
912 2502 1047 2533 vinculis
1070 2501 1249 2533 innectitur.
1299 2500 1359 2538 Qui
1383 2499 1494 2531 offusis
1518 2498 1643 2530 fletibus
1667 2509 1735 2529 ma-

205 2654 218 2676 2
238 2653 296 2676 belli
317 2650 393 2684 nube]
418 2653 487 2681 Very.
508 2653 569 2675 Aen.
592 2652 621 2681 X,
644 2653 693 2674 809
837 2651 850 2672 5
871 2650 936 2672 farne
955 2646 1070 2679 obscena]
1096 2647 1162 2676 Very.
1186 2648 1245 2670 Aen.
1268 2646 1320 2676 ΙΙΙ,
1341 2646 1389 2668 367
1531 2644 1559 2667 11
1580 2644 1735 2673 terribilique

117 2703 175 2719 sono
195 2694 282 2728 tubae]
305 2696 373 2724 I'ery.
395 2696 455 2718 Aen.
478 2695 524 2724 IX,
546 2695 596 2719 503
703 2693 732 2716 15
753 2694 836 2716 horror
855 2693 964 2715 omnium
985 2692 1065 2720 quatit
1084 2688 1204 2721 membra]
1227 2690 1292 2717 I‘ery.
1316 2690 1375 2711 Aen.
1398 2689 1449 2717 ΙΙΙ,
1472 2690 1504 2710 :w
1611 2686 1640 2709 lo·
1659 2686 1736 2709 densa

118 2740 180 2762 mole
198 2740 343 2762 referuntur
362 2739 390 2761 ad
409 2736 527 2769 patriam]
550 2738 616 2766 Ver-y.
633 2737 694 2760 Aen.
712 2737 770 2766 XII,
786 2737 850 2759 575:
873 2735 999 2764 densaque
1018 2734 1046 2756 ad
1066 2740 1146 2756 muros
1167 2733 1229 2755 mole
1248 2732 1363 2754 feruntur
1468 2730 1496 2753 21
1519 2730 1695 2759 euphrasinum
1718 2729 1735 2751 L

1748 207 1825 238 XIII

1752 1172 1823 1203 XIV

1757 1683 1813 1713 XV

1756 2345 1827 2374 xvl
