2038 3036
601 821 735 868 VITA
768 822 962 870 SANGTI
995 823 1217 871 HILARH.

191 938 228 976 (1)
258 937 396 968 Domino
420 945 548 968 SANc'ro
572 946 614 967 Εἰ·
638 946 773 968 MERITIS
796 946 996 970 BEA'rrssLuo
1021 947 1119 969 PATRI
1144 940 1331 971 PASCENTIO
1356 950 1461 972 PAPAE
1480 942 1715 973 Fou'rVNA'rvs.
1742 942 1756 972 I

101 988 255 1029 Religiosi
279 988 413 1029 pectoris
437 988 541 1019 studio
566 988 757 1020 sollicitante
782 989 997 1025 commonitus,
1025 1000 1097 1030 quo,
1124 1001 1209 1031 papa
1224 991 1418 1031 beatissime,
1446 993 1561 1024 (livinis
1584 993 1617 1024 in
1640 994 1720 1025 acti-

101 1040 159 1071 bus
190 1040 271 1070 sacri
303 1039 541 1071 conversatione
573 1039 726 1081 propositi
757 1040 874 1080 iugiter
903 1041 1087 1072 exercitaris
1117 1042 1256 1073 intentus
1287 1046 1318 1074 et
1345 1043 1482 1075 intendis
1507 1048 1651 1084 exertuS,
1687 1049 1720 1077 ut

70 1104 81 1121 5
101 1091 194 1122 facile
225 1091 266 1122 sit
296 1091 497 1132 perspicuum
529 1091 570 1122 ad
603 1092 758 1123 culturam
790 1091 1027 1124 ecclesiasticae
1058 1092 1245 1134 disciplinae
1277 1097 1309 1125 et
1338 1094 1437 1126 fuisse
1466 1099 1497 1127 te
1525 1096 1665 1135 genitum
1690 1099 1721 1127 et

101 1152 171 1174 esse
201 1146 400 1183 proveetum:
435 1142 706 1183 inrefragabiliter
735 1143 852 1174 veteris
877 1143 1096 1185 dispositionis
1119 1154 1156 1175 ac
1180 1145 1327 1176 catholici
1351 1146 1508 1186 dogmatis
1531 1147 1720 1179 fundamen—

100 1197 165 1225 tum
195 1197 301 1225 custos
325 1194 497 1225 observans
521 1197 552 1225 et
575 1194 616 1225 ad
640 1194 895 1226 aedificationem
920 1195 1023 1236 plebis
1046 1196 1285 1227 amantissimae
1308 1197 1407 1228 veluti
1430 1198 1529 1229 bonus
1552 1199 1722 1230 instructor

99 1245 265 1277 adiciendo
286 1245 408 1286 aliquid
424 1246 549 1277 culmen
566 1245 707 1277 fabricae
724 1246 907 1278 continuare
925 1247 1079 1278 festinans
1095 1257 1157 1278 non
1174 1247 1242 1278 sine
1258 1248 1369 1280 timore
1386 1249 1502 1280 divino.
1556 1251 1594 1291 (2)
1623 1250 1720 1281 Cuius

100 1297 203 1338 operis
227 1307 332 1328 amore
355 1300 546 1337 praeventus
571 1308 606 1328 eo
631 1307 731 1337 usque
755 1308 804 1328 me
829 1297 981 1338 dignatus
1005 1308 1039 1329 es
1062 1308 1267 1339 per-urguere,
1295 1309 1356 1339 quo
1373 1300 1412 1331 de
1429 1300 1554 1331 actibus
1571 1301 1721 1332 sacratis-

55 1360 81 1379 ιο
101 1348 172 1379 simi
195 1348 254 1379 viri
277 1348 392 1379 Hilarii
416 1348 616 1384 confessoris
644 1349 698 1388 qui
720 1352 751 1380 te
770 1349 810 1380 ab
826 1349 904 1390 ipsis
922 1350 1088 1381 cunabulis
1103 1353 1176 1381 aute
1193 1360 1251 1382 sua
1266 1351 1403 1391 vestigia
1419 1352 1511 1391 quasi
1527 1353 1719 1393 peculiarem

100 1400 264 1431 vernulam
289 1400 489 1432 familiariter
513 1400 672 1439 enutrivit,
701 1404 735 1432 ut
757 1401 893 1441 impensi
917 1401 1056 1432 muneris
1080 1402 1130 1433 vel
1154 1402 1251 1433 verba
1266 1403 1469 1443 rependeres,
1495 1403 1567 1434 ideo
1584 1404 1642 1434 etsi
1659 1414 1720 1434 non

100 1451 195 1492 plena
211 1451 263 1482 vel
280 1461 319 1482 ex
336 1455 425 1492 parte
442 1452 609 1493 complexa
626 1452 871 1493 perstringerem
885 1464 890 1482 :
918 1452 1065 1492 quatinus
1083 1452 1156 1483 dum
1174 1453 1223 1483 sui
1239 1454 1346 1494 gregis
1362 1454 1490 1485 auribus
1506 1464 1566 1486 vox
1582 1455 1720 1494 quodam

100 1502 192 1533 modo
224 1506 254 1534 et
281 1502 347 1534 vita
370 1503 506 1544 pastoris
530 1503 742 1543 antiquissimi
765 1507 944 1543 resonaret,
980 1507 1011 1535 et
1033 1504 1087 1535 ille
1111 1504 1258 1545 probaret
1282 1505 1489 1536 ministerium
1514 1509 1545 1537 et
1566 1506 1635 1546 ipse
1659 1516 1720 1537 non

100 1554 221 1584 celares
244 1554 404 1585 affectum.
457 1555 495 1595 (3)
524 1554 587 1586 Sed
620 1565 689 1586 cum
720 1555 782 1586 mei
812 1555 932 1595 ingenii
963 1555 1150 1586 brevitatem
1181 1566 1346 1595 mensuro,
1381 1556 1462 1587 adeo
1493 1557 1577 1588 beati
1604 1556 1718 1587 Hilarii
1741 1558 1771 1588 ΙΙ

53 1618 80 1636 15
99 1605 343 1637 immensitatem
371 1606 482 1637 fortem
507 1616 679 1647 cognosco,
715 1610 750 1638 ut
772 1617 853 1647 pene
877 1607 953 1638 mihi
977 1607 1123 1638 videatur
1146 1608 1281 1647 aequale
1305 1610 1368 1638 tam
1392 1607 1477 1638 istud
1499 1617 1592 1649 posse
1616 1608 1720 1639 dicere

100 1667 194 1697 quam
219 1657 318 1698 digito
342 1658 466 1689 caelum
489 1661 638 1699 tangere,
670 1658 858 1699 praesertim
883 1658 967 1698 quod
991 1659 1085 1690 etiam
1111 1662 1143 1690 ut
1166 1659 1261 1690 audio
1283 1659 1369 1690 beati
1392 1659 1577 1699 Hieronymi
1600 1663 1721 1691 torrens

98 1709 179 1740 illud
210 1708 371 1748 eloquium
402 1710 596 1741 recusaverit
618 1712 824 1751 attemptare,
860 1710 913 1750 qui
937 1710 1091 1741 materiae
1116 1710 1184 1741 eius
1208 1720 1241 1741 se
1264 1710 1418 1751 imparem
1443 1714 1574 1742 eatenus
1597 1711 1720 1742 iudica—

99 1760 195 1799 verit,
223 1764 257 1791 ut
279 1764 407 1791 taceret.
462 1762 499 1799 (4)
528 1761 597 1801 Ego
622 1771 696 1792 vero
721 1761 772 1792 cui
795 1761 913 1792 nullius
938 1761 1090 1793 scientiae
1114 1762 1240 1802 inrigua
1263 1761 1382 1793 fluenta
1406 1766 1597 1801 succurrunt,
1627 1773 1719 1802 quem

99 1812 152 1842 vix
177 1811 331 1842 stillicidii
354 1812 504 1853 pauperis
528 1815 692 1843 attenuata
715 1816 805 1853 gutta
829 1812 988 1853 perfudit,
1024 1813 1103 1843 nihil
1128 1813 1253 1854 proprio
1277 1813 1316 1844 de
1341 1813 1424 1845 fonte
1448 1814 1622 1855 respirans,
1658 1824 1720 1853 qua

52 1874 80 1894 20
99 1863 276 1894 temeritate
306 1863 389 1894 inter
417 1863 560 1903 ingentia
590 1863 721 1894 flumina
751 1864 905 1895 Eufraten
934 1864 1049 1895 Hilarii
1080 1867 1110 1895 et
1140 1864 1247 1895 Nilum
1279 1864 1465 1905 Hieronymi
1495 1865 1594 1895 siccos
1625 1865 1719 1896 velim

100 1924 210 1946 cursus
239 1914 429 1955 extendere,
462 1925 531 1946 cum
556 1915 595 1946 de
619 1915 674 1946 illo
698 1915 793 1947 etiam
817 1915 991 1947 doctissimi
1015 1915 1073 1946 viri
1097 1915 1247 1956 quicquid
1271 1915 1375 1947 dicere
1400 1919 1582 1957 potuerunt,
1616 1916 1720 1947 minus

189 2053 197 2076 1
227 2061 254 2076 rN
281 2060 384 2076 CHRISTI
409 2060 512 2076 ΝοΜιΝΕ
538 2060 638 2076 mmrrr
660 2060 721 2076 VITA
741 2060 833 2076 simon
853 2060 884 2076 Ac
904 2060 1053 2077 Bnitrxssrrsir
1072 2061 1183 2077 nummi
1202 2060 1317 2076 Emscor‘x
1337 2060 1368 2076 ET
1387 2060 1558 2077 coxrnssonxs
1578 2062 1721 2078 conrosrra

100 2104 117 2120 A
135 2104 233 2120 SANcro
252 2104 406 2120 ronrvrm'ro
425 2103 592 2119 PRESBYTERO
610 2098 639 2127 G,
662 2104 761 2120 mormi-
780 2103 910 2120 rnonoovs
930 2104 958 2119 m
978 2104 1059 2120 vrrmr
1079 2104 1171 2120 saxo-m
1190 2104 1302 2120 nulum
1321 2104 1438 2120 131³1scor>1
1457 2104 1489 2119 ΕΤ
1506 2105 1674 2121 εὀΝιηῑεεῡιιις
1692 2099 1718 2127 V,

101 2141 188 2164 lemma
207 2147 252 2164 om.
269 2141 291 2163 A
359 2141 487 2169 proloqum
505 2141 583 2163 ulium
602 2147 704 2170 eumque
724 2141 854 2163 breviorem
873 2140 959 2163 habent
974 2142 996 2163 X
1004 2141 1032 2163 Y:
1052 2141 1144 2170 Incipit
1163 2142 1277 2170 prologus
1296 2148 1327 2163 ex
1346 2141 1425 2169 gestis
1445 2141 1523 2163 sancti
1543 2142 1624 2163 hilarii
1644 2142 1722 2171 pieta-

102 2184 196 2206 uiensis
216 2184 326 2214 episcopi
350 2184 383 2213 (et
401 2184 547 2206 confessoris
567 2183 624 2206 add.
646 2184 692 2213 Y),
720 2184 785 2213 quod
805 2186 843 2206 est
864 2184 897 2213 (q.
919 2191 941 2207 e.
963 2191 1008 2206 om.
1032 2184 1060 2213 Y)
1083 2184 1140 2206 idus
1159 2184 1272 2207 ianuarii.
1311 2184 1450 2206 beatissimi
1473 2184 1553 2206 hilarii
1573 2185 1720 2207 confessoris

105 2227 246 2255 (confratres
259 2226 294 2255 Χ)
317 2227 395 2249 uitam
420 2227 461 2249 uel
484 2233 556 2256 opera
583 2234 631 2249 uon
657 2228 732 2249 unius
759 2227 801 2249 sed
828 2227 961 2249 multorum
987 2229 1083 2256 patrum
1108 2227 1139 2257 (p.
1162 2234 1209 2249 om.
1230 2226 1258 2255 Y)
1281 2227 1400 2249 relatione
1421 2227 1583 2256 comperimus
1603 2227 1628 2249 in
1648 2227 1720 2249 laude

102 2270 193 2293 domini
219 2270 299 2293 nostri
323 2270 377 2292 iesu
404 2269 490 2292 christi
509 2270 642 2292 memoriae
661 2270 777 2293 traditam
797 2273 821 2292 et
839 2270 983 2292 bellatorem
1003 2270 1088 2292 christi
1108 2276 1192 2292 eorum
1212 2270 1340 2300 opusculis
1359 2272 1441 2292 contra
1459 2270 1516 2291 arrii
1535 2269 1661 2298 perfidiam
1680 2270 1720 2292 lu-

102 2313 272 2335 culentissime
292 2313 349 2335 flore
368 2313 523 2341 defloratum,
545 2315 570 2335 et
589 2313 615 2335 in
636 2313 783 2342 multiplicia
805 2313 978 2342 (multiplicem
993 2312 1039 2341 Xl,
1061 2313 1200 2342 multiplice
1216 2311 1260 2341 X2)
1282 2314 1308 2335 in
1331 2312 1364 2341 (in
1384 2319 1431 2334 ms.
1449 2313 1481 2340 X)
1505 2312 1559 2334 eius
1583 2312 1625 2340 (eis
1644 2313 1673 2334 ad
1693 2313 1717 2341 Υ)

103 2362 161 2377 uere
182 2356 240 2378 fidei
260 2356 440 2378 confessionem
459 2358 544 2379 texere
563 2359 632 2385 gesta
654 2356 703 2385 (ere
722 2359 791 2385 gesta
808 2364 857 2379 ras.
874 2357 922 2385 X).
955 2356 1127 2379 huiuscemodi
1143 2356 1176 2384 (re
1189 2355 1246 2378 add.
1270 2356 1299 2383 Υ)
1320 2356 1407 2378 beatus
1426 2355 1577 2377 hieronimus
1598 2355 1720 2377 maximus

102 2398 233 2427 stipulator
258 2399 345 2421 enitet.
384 2399 490 2428 qualiter
516 2399 556 2421 uel
579 2399 699 2428 quomodo
719 2400 744 2421 in
764 2399 855 2427 synodo
875 2399 1019 2422 ariminensi
1038 2399 1189 2428 temporibus
1209 2399 1341 2421 constantii
1360 2398 1479 2427 principis
1499 2398 1544 2419 sub
1564 2400 1632 2419 tauro
1651 2404 1720 2426 prae-

101 2441 164 2464 fecto
183 2442 255 2464 miles
275 2441 361 2464 christi
379 2442 502 2464 dimicarit
524 2442 663 2471 (dimicauit
675 2442 709 2471 Χ)
731 2442 885 2471 exiliumque
905 2442 1037 2471 pertulerit
1057 2442 1141 2470 frigiae
1160 2442 1318 2470 lustrumque
1337 2441 1486 2469 exulauerit,
1508 2440 1621 2462 omnibus
1640 2442 1720 2463 rectae

103 2484 206 2513 piaeque
226 2484 283 2507 fidei
303 2485 450 2514 sequacibus
470 2487 555 2507 notum
575 2485 682 2507 habetur
787 2484 801 2508 2
820 2491 843 2508 Β,
865 2491 886 2508 P.
910 2491 933 2508 Ρ.
954 2483 992 2516 ru]
1010 2485 1059 2513 ΨΑ,
1081 2484 1113 2512 cf.
1131 2484 1200 2512 infra
1213 2491 1238 2512 p.
1255 2485 1278 2509 7.
1295 2484 1311 2507 l.
1329 2484 1367 2512 12,
1390 2484 1459 2505 beato
1473 2483 1537 2512 patri
1552 2483 1679 2505 Pascentio
1701 2483 1721 2505 G

105 2526 119 2549 4
139 2525 251 2559 exertus]
275 2526 339 2556 G1A,
360 2528 512 2551 exercitatus
537 2528 562 2557 V,
584 2528 618 2556 cf.
640 2535 715 2550 carm.
731 2528 761 2556 X,
781 2527 831 2557 ΙΨ,
849 2530 859 2550 l
967 2527 981 2550 ὃ
1001 2534 1054 2549 esse
1075 2530 1098 2549 te
1119 2528 1255 2556 perfectum
1278 2527 1297 2549 G
1402 2526 1608 2555 inrefragabiliter
1625 2539 1660 2542 —
1678 2526 1720 2548 ob-

103 2576 204 2592 seruans
223 2583 257 2586 —
275 2568 410 2602 festinans]
433 2570 462 2599 G,
484 2578 539 2593 cum
560 2571 639 2594 irrefr.
660 2583 695 2587 —
713 2571 827 2593 obseruas
845 2583 879 2587 —
898 2570 1002 2592 festinas
1027 2570 1065 2592 VA
1199 2568 1236 2601 ac]
1255 2576 1302 2591 om.
1323 2569 1362 2591 VA
1495 2568 1657 2590 fundamenta
1680 2569 1721 2590 VA

102 2612 116 2636 8
135 2612 272 2635 adhibendo
290 2613 330 2635 ΓΑ
436 2612 450 2635 9
470 2620 497 2636 eo
511 2611 602 2645 usque]
619 2614 646 2642 G,
663 2622 711 2636 om.
732 2613 758 2642 V,
775 2614 879 2642 eiusque
893 2614 914 2635 A
1022 2612 1051 2635 10
1072 2612 1157 2634 helarii
1175 2612 1214 2641 Gl⁷
1232 2612 1319 2639 hylarii
1333 2614 1360 2633 ut
1373 2612 1449 2634 solent
1468 2611 1508 2633 VA
1615 2610 1641 2633 11
1664 2618 1720 2633 uer-

102 2655 218 2678 naculum
241 2655 281 2677 VA
406 2655 432 2678 ll
455 2654 522 2688 ideo]
542 2663 586 2685 ego
611 2656 636 2685 V,
659 2657 683 2679 id
703 2663 746 2685 ego
765 2656 787 2678 A
913 2655 942 2680 12
962 2653 1046 2686 plena]
1069 2654 1126 2678 GlV
1245 2655 1325 2683 gregis
1346 2652 1457 2685 auribus]
1481 2653 1528 2683 VA,
1551 2654 1673 2682 gregibus,
1696 2655 1721 2677 in

101 2698 176 2721 litura
194 2699 261 2727 gregi
283 2699 302 2721 G
431 2698 460 2721 13
481 2700 618 2722 misterium
642 2698 697 2721 GiA
823 2698 851 2721 15
872 2700 932 2721 sorte
956 2699 975 2720 G
1100 2697 1129 2720 11¹»
1150 2695 1237 2729 digito]
1256 2704 1302 2719 om.
1319 2696 1339 2718 G
1454 2697 1518 2719 beati
1539 2699 1566 2719 ut
1584 2696 1656 2719 audio
1680 2697 1721 2719 VA

105 2740 133 2764 17
153 2741 269 2764 materiae
289 2739 354 2773 eius]
376 2741 488 2764 materiei
513 2741 553 2764 VA
659 2740 690 2765 20
711 2740 803 2773 hilarii]
822 2742 887 2764 beati
909 2742 952 2765 hil.
980 2741 1018 2763 VA
1125 2741 1204 2763 siccus
1230 2740 1268 2762 VA
1373 2738 1402 2763 21
1425 2737 1484 2771 uiri]
1503 2745 1549 2762 om.
1572 2739 1612 2762 VA

179 2790 305 2811 vit-samus
321 2791 475 2811 Foxrrvnsrvs.
1504 2790 1511 2813 l
