2038 3036
33 697 60 717 10

35 954 62 974 15

33 1212 61 1233 20

33 1469 62 1490 25

34 1727 63 1748 30

35 1985 65 2005 35

661 131 751 157 VITA
772 131 907 158 SANGTI
927 130 1100 158 PATERNI.
1650 137 1688 165 35

79 224 262 262 mansisset,
296 223 477 255 advenienti
508 223 635 254 iteranti
659 227 690 255 et
713 224 817 264 ipsum
840 226 953 257 beatus
978 227 1132 257 Paternus
1156 226 1196 257 ad
1220 227 1447 259 humanitatem
1472 228 1604 268 largitus
1629 232 1686 267 est,

80 275 211 316 cupiens
241 275 334 306 homo
363 274 415 306 dei
444 274 547 314 magis
578 274 637 305 hoc
664 275 698 306 in
728 277 904 308 mercedem
935 288 1029 317 quam
1060 278 1092 308 in
1115 281 1256 309 ventrem
1280 279 1460 310 recondere.
1514 280 1573 319 (21)
1602 280 1691 310 Tunc

80 336 168 358 sacer
191 326 329 358 Soubilio
358 326 437 357 hora
467 326 647 366 conpetenti
675 330 782 367 rogat,
818 332 851 359 ut
874 329 936 359 iam
961 329 1113 361 deberent
1136 329 1275 361 reficere.
1325 330 1383 361 Cui
1407 330 1602 371 respondens
1626 331 1685 361 ait:

79 377 222 410 Christus
245 378 299 417 qui
323 387 448 418 semper
470 376 611 408 abundat
634 382 803 419 praeparat
827 379 892 411 suis
917 380 1047 411 cibaria.
1100 382 1160 420 (22)
1189 381 1279 418 Quod
1302 382 1399 413 frater
1422 383 1554 413 moleste
1571 382 1687 421 ferens,

81 439 117 462 eo
147 429 231 469 quod
261 432 332 470 post
361 429 501 460 laborem
532 438 594 459 non
622 429 787 461 invenerat
814 431 897 461 unde
922 441 955 463 se
978 432 1131 471 fatigatus
1155 432 1312 463 reficeret:
1348 436 1379 463 ct
1401 436 1506 464 tamen
1530 444 1584 473 pro
1609 433 1693 464 servi

80 490 153 513 esca
181 480 299 512 domini
329 490 404 511 cura
432 480 603 520 pervigilat
631 490 690 512 nec
720 481 836 512 famem
867 483 933 522 pati
962 483 1104 523 permisit
1135 484 1187 523 qui
1217 484 1367 515 esurienti
1396 484 1511 515 victum
1539 485 1688 525 inpertiit.

85 533 143 572 (23)
171 532 254 563 Nam
279 532 346 563 sine
369 541 457 562 mora
480 531 653 562 Witherius
676 532 797 572 primus
821 543 927 564 eorum
953 534 1128 574 discipulus
1151 534 1233 566 inter
1254 534 1375 565 ieiunia
1396 534 1502 566 intulit
1524 535 1617 565 xenia
1641 546 1693 565 co—

79 583 169 625 piosa
199 586 230 615 et
260 582 486 623 multiplicavit
517 582 652 620 cibaria,
686 583 857 615 refectione
890 585 1034 616 dilatata.
1083 586 1136 616 Sic
1165 586 1247 617 iutra
1278 586 1373 617 horae
1396 589 1586 617 momentum
1610 586 1692 626 quod

78 635 234 676 indigenti
257 634 390 666 dederat
413 644 483 665 cum
506 644 622 674 magno
647 634 754 666 fenore
778 640 977 676 receperunt.

171 686 230 726 (24)
257 686 369 726 Itaque
397 685 570 716 refectione
594 689 724 726 peracta
746 687 872 726 aqualis
895 687 997 727 liquor
1021 687 1202 719 sitientibus
1226 688 1352 727 deerat7
1385 688 1458 728 quia
1481 691 1568 719 tanto
1591 689 1693 729 magis

80 747 152 770 caro
182 737 345 768 desiderat
367 737 497 778 pocula,
532 740 648 777 quanto
672 738 744 778 plus
769 738 918 769 saturitas
942 739 1122 770 exardescit
1145 742 1216 779 post
1239 748 1355 770 escam.
1403 739 1475 769 Mox
1498 739 1531 770 in
1554 740 1694 771 oratione

79 788 199 830 profusi
223 788 383 819 Christum
413 791 577 819 aeternum
610 788 726 819 fontem
758 794 943 830 precantur,
978 793 1011 820 ut
1041 790 1109 830 ipse
1140 790 1205 821 suis
1229 790 1358 821 famulis
1382 800 1497 829 aquam
1522 790 1639 821 tribuat
1662 791 1692 821 in

80 840 221 879 deserto,
254 840 307 879 qui
330 843 404 871 tunc
426 839 634 871 Israheliticis
659 840 743 871 unda
766 841 908 872 manavit
930 841 961 871 10
984 841 1123 872 heremo.
1177 842 1237 881 125)
1264 841 1345 871 Hinc
1368 841 1542 872 divinitatis
1566 842 1694 872 auribus

83 902 100 923 0
122 891 226 923 vicino
250 891 409 923 exauditis
433 891 598 932 precibus7
626 891 681 922 ubi
704 891 816 922 beatus
840 892 995 923 Paternus
1019 892 1124 932 tetigit
1147 892 1185 923 (10
1208 892 1322 923 baculo
1346 892 1474 923 humum
1499 892 1568 923 fons
1592 893 1696 933 erupit

82 943 122 974 ab
153 943 270 984 abysso
298 946 329 974 et
351 943 396 974 ita
419 942 546 983 replens
570 942 707 981 exilivit,
743 953 781 973 ac
805 943 831 973 si
854 943 982 984 Moyses
1005 943 1086 974 alter
1109 943 1199 983 virga
1222 944 1401 984 perforante
1424 953 1523 983 aquas
1547 944 1696 975 traxisset

79 995 118 1026 de
141 994 261 1036 lapide.

168 1047 228 1087 (26)
257 1045 354 1077 Cuius
381 1055 497 1077 causae
521 1045 607 1076 fama
630 1048 792 1077 crescente
816 1046 865 1077 vir
887 1046 1079 1078 venerabilis
1104 1046 1285 1077 Generosus
1308 1047 1391 1077 abba
1414 1056 1521 1078 eorum
1546 1051 1617 1088 post
1639 1047 1694 1078 tri-

80 1097 207 1129 ennium
231 1097 273 1128 ad
295 1097 502 1137 requirendos
526 1098 698 1128 monachos
722 1100 787 1128 tam
811 1099 892 1129 benc
917 1098 957 1129 ad
975 1098 1134 1129 Christum
1158 1097 1309 1138 fugitivos
1329 1097 1479 1139 perrexit.
1532 1099 1589 1137 (27)
1618 1098 1697 1136 Qui-

80 1150 139 1181 bus
168 1149 324 1189 inventis7
358 1148 503 1189 agnoscit
533 1152 677 1180 sanctum
700 1150 870 1181 Paternum
901 1159 934 1181 sc
963 1150 995 1180 in
1027 1149 1120 1181 valde
1152 1150 1217 1180 vita
1243 1149 1344 1180 ardua
1369 1149 1608 1189 constrinxisse,
1643 1150 1696 1191 qui

80 1204 206 1242 praeter
235 1210 350 1241 panem
382 1203 412 1231 et
440 1210 555 1240 aquam
586 1200 638 1231 vel
666 1200 776 1231 holera
806 1201 873 1232 sale
904 1200 1031 1232 condita
1061 1201 1150 1232 nulla
1180 1201 1324 1231 sumebat
1347 1201 1478 1232 cibaria.
1526 1202 1696 1242 Aspectum

80 1262 154 1284 vero
178 1261 269 1283 suum
292 1262 354 1283 non
378 1252 479 1283 solum
503 1262 522 1282 a
545 1251 734 1283 feminarum
760 1253 817 1284 sed
841 1253 935 1284 etiam
960 1263 979 1283 a
1003 1253 1139 1284 virorum
1164 1252 1347 1283 removebat
1370 1252 1565 1292 praesentia,
1600 1256 1633 1283 ut
1655 1253 1695 1283 ab

80 1303 224 1335 omnibus
259 1306 433 1334 summotus
469 1303 602 1335 sollicite
634 1307 816 1344 expectaret
847 1304 1004 1336 adventus
1033 1305 1196 1344 angelicos
1227 1307 1257 1335 et
1287 1307 1441 1335 cresceret
1468 1303 1500 1334 111
1531 1303 1696 1335 divinitate

79 1356 165 1396 quod
188 1355 315 1387 deesset
338 1355 371 1386 in
393 1354 531 1386 homine.
586 1356 644 1396 (25)
674 1356 839 1387 Lectulum
863 1366 1032 1396 numquam
1050 1356 1182 1391 habens,
1209 1355 1340 1386 lectaria
1356 1355 1512 1393 nesciens,
1538 1355 1571 1386 in
1587 1355 1696 1395 pluma

80 1416 182 1447 neque
207 1409 301 1448 caput
322 1406 491 1445 reclinans,
520 1407 582 1438 nisi
605 1410 694 1439 veste
718 1408 935 1439 tantummodo
959 1418 1021 1448 qua
1044 1408 1075 1438 10
1099 1407 1150 1439 (110
1174 1417 1250 1438 usus
1274 1410 1322 1438 est
1345 1416 1382 1437 ea
1405 1416 1461 1446 per
1483 1410 1606 1438 noctem
1623 1417 1696 1438 con-

80 1461 185 1490 tentus
214 1461 271 1490 est.
321 1459 379 1489 Pro
410 1458 498 1489 molli
527 1459 602 1489 lana
631 1459 785 1490 hirsutum
818 1459 953 1490 cilicium
977 1459 1130 1497 induens7
1165 1462 1199 1490 ut
1221 1458 1303 1489 inter
1325 1458 1418 1489 horas
1443 1458 1563 1498 soporis
1587 1461 1618 1489 et
1641 1469 1697 1499 per

81 1510 218 1550 quietem
241 1509 390 1550 temporis
414 1519 476 1541 non
500 1513 585 1542 esset
600 1510 725 1550 requies
742 1511 881 1551 corporis
899 1514 929 1542 et
946 1514 1064 1542 mutato
1081 1510 1190 1542 ordine
1207 1510 1312 1541 adhuc
1327 1512 1399 1550 post
1414 1512 1518 1540 actum
1536 1509 1619 1540 diem
1636 1520 1697 1541 nox

82 1561 265 1593 succederet
287 1561 320 1592 in
342 1561 462 1593 labore.
516 1563 575 1602 (29)
605 1562 696 1600 Quod
720 1562 821 1593 abbas
847 1572 923 1593 suus
943 1562 1115 1603 inspiciens
1132 1562 1215 1593 ultra
1232 1561 1426 1602 propositum
1443 1561 1584 1600 regulae⁷
1611 1561 1698 1592 velut

80 1613 288 1654 inpatientem
319 1623 434 1652 equum
465 1613 580 1645 acriter
609 1616 829 1645 excurrentem
859 1624 916 1654 per
944 1613 1082 1655 inposita
1111 1613 1191 1644 freni
1215 1612 1356 1654 pondera
1379 1612 1419 1643 ad
1442 1612 1605 1643 moderata
1627 1622 1697 1643 eum

81 1664 242 1696 revocavit
262 1664 393 1705 101001117
420 1664 581 1705 imperans
604 1669 639 1697 ut
661 1675 720 1696 nee
742 1666 908 1696 reclausus
931 1668 1017 1697 esset
1039 1668 1103 1696 tam
1127 1665 1226 1696 ardue
1248 1674 1350 1704 neque
1373 1663 1511 1695 virorum
1528 1667 1696 1704 conspectu

82 1717 134 1748 vel
165 1715 332 1756 conloquio
360 1726 394 1748 30
424 1715 602 1756 fraudaret,
638 1717 769 1758 insuper
800 1720 831 1748 et
860 1717 992 1748 cellulas
1022 1726 1102 1756 quas
1131 1716 1202 1757 ipse
1231 1716 1423 1747 instruxerat
1452 1715 1485 1746 in
1509 1724 1596 1746 carro
1620 1715 1699 1746 vici-

80 1769 140 1800 bus
162 1767 317 1799 visitaret.

172 1819 232 1860 (30)
260 1819 309 1850 De
339 1829 400 1859 quo
432 1819 506 1859 quia
537 1819 576 1851 de
604 1819 695 1851 bonis
728 1822 812 1851 esset
844 1819 1027 1861 parentibus
1058 1822 1122 1850 tam
1152 1829 1171 1849 a
1194 1818 1340 1859 pontifice
1364 1818 1536 1849 Leontiano
1560 1828 1652 1858 quam
1677 1829 1696 1849 a

86 1871 209 1903 civibus
232 1874 377 1912 prompte
401 1870 589 1902 testificatus
613 1874 671 1902 est.
721 1871 821 1909 Quem
844 1871 877 1902 in
901 1871 969 1902 1000
994 1870 1236 1903 commendans,
1271 1870 1398 1901 beatum
1423 1869 1634 1901 Scubilionem
1659 1869 1699 1900 ad

83 1922 309 1954 monasterium
338 1931 509 1962 revocans⁷
543 1933 640 1964 parvo
670 1923 839 1954 intervallo
867 1923 909 1954 ad
933 1922 1062 1954 fratrem
1086 1922 1188 1953 redire
1211 1921 1366 1962 permisit.
1419 1922 1478 1961 (31)
1507 1921 1630 1952 Dehinc
1653 1921 1700 1952 vir

85 1974 135 2006 dei
158 1974 314 2006 Paternus
345 1984 365 2005 a
394 1977 503 2005 sancto
527 1974 700 2006 Leontiano
732 1974 884 2005 diaeonus
913 1984 951 2005 ac
980 1974 1146 2015 presbyter
1173 1973 1350 2011 institutus7
1385 1976 1535 2012 quantum
1559 1972 1698 2013 dignitas

84 2029 227 2058 creverat
256 2028 380 2056 tantum
412 2035 446 2057 se
475 2025 645 2057 virtutibus
674 2026 860 2057 honorabat.
909 2025 1031 2062 Quibus
1062 2025 1209 2065 gemellis
1240 2024 1412 2055 cultoribus
1443 2027 1549 2055 tantus
1578 2024 1610 2055 in
1641 2024 1699 2055 Se—

85 2077 188 2109 sciaco
219 2077 424 2108 adolescebat
455 2077 577 2117 gratiae
611 2077 730 2108 fructus
763 2077 802 2108 (10
829 2077 918 2109 verbi
942 2076 1061 2108 semine
1085 2076 1227 2117 genitus7
1262 2079 1296 2107 ut
1318 2076 1427 2106 fanum
1450 2075 1573 2115 profani
1597 2075 1699 2106 cultus

83 2129 200 2170 ereptis
224 2129 404 2160 hominibus
431 2129 637 2170 deputaretur
660 2129 826 2170 pecoribus
850 2132 881 2160 et
904 2129 1084 2160 insensatus
1108 2128 1194 2159 locus
1217 2127 1305 2158 fieret
1328 2127 1513 2158 animalium
1537 2127 1695 2158 clausura.

88 2182 147 2222 (32)
174 2180 336 2221 Spelunca
367 2191 441 2212 vero
472 2181 547 2221 quia
579 2184 610 2212 et
640 2181 720 2212 tales
752 2181 878 2212 accolas
910 2180 1051 2221 excepit⁷
1085 2182 1207 2210 tantum
1232 2178 1333 2218 coepit
1355 2178 1473 2209 nobilis
1496 2177 1579 2209 floris
1603 2178 1698 2209 odore

172 2310 201 2334 15
223 2310 297 2333 Num.
318 2310 360 2341 20,
383 2310 421 2334 ll.

170 2431 180 2454 1
202 2430 316 2464 iteranti]
335 2432 350 2455 i.
374 2439 396 2461 q.
417 2432 547 2454 itineranti
682 2430 696 2453 2
716 2432 763 2460 (1ὖο
785 2430 806 2452 P
939 2430 951 2452 7
973 2430 1112 2452 uuithenus
1132 2429 1162 2458 R,
1185 2429 1302 2451 uuithcus
1322 2428 1410 2450 Sarius
1524 2426 1629 2459 ieiunia]
1648 2435 1700 2450 sera

85 2474 142 2498 add.
163 2475 227 2497 Boll.
387 2474 401 2498 S
420 2475 495 2497 dilata
515 2474 580 2497 Μιιίι,
603 2475 618 2496 2
637 2476 658 2496 ει
679 2474 744 2496 Bou.
904 2476 1027 2496 momento
1048 2473 1069 2495 Ι)
1225 2471 1254 2494 12
1274 2468 1413 2501 aeternum]
1433 2471 1499 2493 uitae
1518 2470 1574 2494 add.
1598 2469 1663 2494 Mab.
1685 2472 1700 2493 2)

86 2517 115 2541 17
135 2518 208 2540 abbas
227 2524 312 2541 eorum
331 2524 464 2547 generosus
486 2517 515 2547 Z,
536 2524 670 2546 generosus
689 2523 735 2539 0111.
761 2516 779 2538 Y
796 2523 851 2538 cum
871 2516 936 2539 Mab.
962 2518 971 2538 l
1109 2515 1140 2538 26
1160 2515 1276 2543 temporis
1295 2514 1401 2542 rhythmo
1420 2515 1520 2542 certum,
1541 2520 1584 2542 per
1602 2516 1700 2542 tempus

85 2562 177 2590 quietis
197 2560 262 2585 Mab.
285 2562 300 2583 ‘2
434 2560 466 2584 30
487 2568 513 2584 sc
532 2558 668 2591 fraudaret]
688 2559 845 2582 defraudaret
865 2559 930 2581 Mab.
952 2560 967 2581 2
1071 2560 1241 2581 construxerat
1261 2556 1323 2580 Mnb.
1348 2557 1362 2578 2
1381 2558 1402 2578 ct
1421 2556 1485 2578 Bou.
1593 2554 1701 2587 uicibus]

85 2603 117 2633 ef.
140 2611 214 2627 carm.
236 2604 258 2634 Ι,
282 2605 321 2633 15,
343 2604 375 2627 35
490 2603 521 2626 32
541 2603 668 2626 1000011100
688 2603 738 2632 fere
760 2603 790 2633 P,
811 2602 964 2625 leontiniano
986 2601 1005 2623 Z
1119 2600 1150 2623 33
1171 2607 1243 2629 quem
1262 2612 1295 2616 —
1314 2598 1345 2621 :54
1365 2596 1490 2629 permisit]
1508 2598 1632 2627 praefatus
1652 2599 1701 2621 ita-

84 2654 131 2676 que
156 2648 230 2670 abbas
248 2654 304 2670 curn
323 2649 453 2676 paternum
474 2647 590 2669 omnibus
609 2646 727 2669 fratribus
747 2648 771 2668 ct
793 2645 878 2668 mundi
898 2644 1053 2675 principibus
1073 2644 1133 2666 satis
1153 2642 1349 2666 commendasset
1368 2644 1393 2664 et
1412 2642 1437 2663 iu
1457 2641 1541 2663 eodem
1561 2648 1607 2670 quo
1627 2642 1700 2669 degu-

84 2690 126 2712 bat
144 2690 193 2713 loco
212 2690 392 2719 confirmasset,
414 2692 467 2712 tum
487 2689 652 2712 scubilionem
672 2689 701 2711 ad
721 2689 898 2711 monasterium
918 2688 997 2710 redire
1017 2687 1141 2716 praecepit
1160 2688 1185 2708 et
1204 2686 1228 2707 in
1249 2685 1372 2714 aliquibus
1393 2686 1527 2706 correctum
1546 2686 1602 2714 post
1621 2685 1700 2706 modi-

85 2740 141 2756 cum
159 2736 261 2762 tempus
280 2733 310 2756 ad
328 2733 428 2756 fratrem
447 2734 577 2762 paternum
597 2731 676 2755 redire
696 2732 808 2761 permisit
826 2731 845 2753 Y
948 2730 979 2754 36
999 2731 1089 2760 quibus
1107 2743 1141 2745 —
1157 2736 1182 2757 p.
1203 2728 1243 2757 36,
1260 2727 1291 2751 40
1311 2734 1384 2757 quam
1404 2724 1520 2757 corporis]
1539 2734 1585 2749 om.
1603 2726 1668 2750 Mal).
1686 2729 1696 2749 l

85 2775 115 2799 37
135 2773 174 2807 ut]
193 2776 219 2798 in
238 2775 295 2798 add.
318 2775 339 2798 Ρ
442 2775 474 2799 39
493 2773 602 2807 tantum]
621 2776 714 2804 scripsi,
737 2777 821 2797 tamen
841 2774 869 2804 P,
890 2776 939 2796 tam
959 2774 1057 2802 Sarius,
1078 2773 1152 2795 etiam
1173 2771 1237 2795 Mab.
1261 2772 1274 2793 z?
1380 2770 1473 2793 nobiles
1492 2770 1562 2792 flores
1583 2769 1603 2791 P

1459 2820 1493 2842 5⁴*

1716 690 1790 721 VIII

1717 1048 1763 1079 IX

1720 1819 1749 1849 X
