2038 3036
460 122 481 148 Ῐ.
509 121 626 148 INDEX
645 120 922 149 GRAMMATICAE
942 122 989 148 ET
1008 121 1263 148 ELOCVTIONIS.

55 227 169 249 urguere,
191 225 241 242 non
260 225 360 247 urgere:
392 218 434 240 hoe
452 217 504 246 fere
523 219 660 240 restitutum
679 219 705 240 in
724 218 850 248 archetypo

89 254 200 277 codicum
219 253 274 276 BL.
293 265 327 269 ——
347 252 381 274 IV
399 252 441 280 26,
465 251 510 274 137
531 254 558 274 111
578 258 675 280 quoque
695 258 725 274 ne
744 252 851 274 lacrimis

88 295 160 317 urgas
183 288 225 317 pia
249 288 298 309 sata
322 287 410 315 iugalis
441 286 505 315 (uras
530 285 630 314 codd.)‘?
667 286 688 307 V
708 286 732 315 6,
756 285 785 308 13
810 293 851 308 ur-

88 320 161 353 gues]
180 322 264 351 urguis
277 323 326 350 opt.
341 334 375 337 ——
393 328 413 343 c.
430 320 477 348 inf.
499 320 521 342 V
534 320 558 350 6,
577 319 605 342 13
620 326 711 349 urgues
727 327 765 343 me
779 327 849 350 prae-

87 357 187 386 cipitem
206 362 250 385 per
268 356 352 384 ignota
370 355 476 377 transire

53 398 125 414 ursus
143 390 190 413 VlI
209 389 233 418 4,
255 389 286 412 22
306 396 378 411 ursus
398 395 487 417 onager
505 395 563 417 aper

52 432 113 448 urus
133 425 180 447 VII
199 423 224 453 4,
248 423 277 446 19
297 423 361 446 cervi
381 430 467 453 caprae
487 422 575 445 helicis
595 423 633 445 uri
656 422 717 450 (ursi
736 422 817 451 codd.)

51 462 79 482 ut
108 465 151 488 pro
169 466 220 481 acc.
241 465 262 481 c.
284 457 331 486 inf.
362 457 395 486 cf.
417 457 496 483 credo,
519 463 608 479 novum
628 458 675 483 est,
696 457 742 479 aio.
764 469 798 472 ——
821 458 849 478 ut

86 495 186 522 tempor.
207 498 262 514 cum
281 492 343 514 coni.
365 499 384 514 e.
400 498 424 519 9-
446 491 493 513 VM
507 491 517 513 Ι
532 489 580 513 299
600 497 686 512 rursus
706 493 733 512 ut
752 503 785 507 -—-
804 497 847 512 cu-

84 530 154 557 peret
171 538 205 543 —-
220 527 224 557 Ι
241 526 332 548 rustica
350 526 423 548 turba
442 527 509 548 vetat
545 525 583 547 III
602 524 651 547 280
677 527 705 546 111
723 537 757 541 -
776 524 847 546 inva-

85 564 148 584 serat
164 559 167 593 Ι
184 563 209 583 et
227 573 261 577 —
280 561 335 582 iret.
367 573 397 576 -
428 562 457 582 ut
475 567 494 582 c.
517 561 649 588 comparat
668 565 713 587 pro
732 565 804 587 quam
824 566 844 581 c.

83 595 173 624 superl.
195 595 243 617 VII
263 594 303 623 20,
323 593 348 616 11
371 596 454 616 tamen
473 596 502 615 ut
521 600 583 622 queo
602 593 699 620 longius
718 595 775 621 opto
790 592 794 624 Ι
812 594 848 614 vi-

84 637 135 653 vas.
155 642 190 647 ›—
208 631 236 651 ut
254 628 400 651 subaudilur
413 635 439 651 ea·
452 628 554 650 relativo
573 627 594 649 V
608 627 631 655 5,
648 626 679 650 78
699 628 782 649 vivere
799 633 846 656 quo

83 665 179 693 possint
198 665 240 686 aut
258 663 326 685 daret
344 670 409 685 arma
428 662 497 689 fides,
516 659 519 693 Ι
536 662 610 690 legati
629 663 761 684 occurrunt

48 699 83 721 uti
103 706 123 721 c.
139 705 189 721 ace.
212 698 246 719 IX
261 696 284 725 2,
304 696 349 719 127
367 699 467 719 utentes
486 697 584 719 niveam
602 702 646 724 per
665 695 768 717 candida
787 702 844 724 pec-

84 735 136 755 tora
160 732 248 761 pallam
285 731 322 753 XI
344 731 383 759 19,
405 730 418 753 3
439 731 549 753 medicus
568 730 633 759 quod
652 736 699 752 non
719 730 789 751 iubet
808 730 844 751 uti

47 769 151 796 uterque
170 766 248 788 decit:
276 772 329 793 qen.
351 765 399 787 VII
420 767 441 791 5,
465 764 496 787 23
516 765 546 787 115
566 767 604 787 est
628 764 736 792 regionis
761 766 843 786 utrac-

81 808 130 830 que
166 800 216 823 dat.
242 799 383 822 VM1137
410 800 482 821 morti
509 798 629 821 subduxit
653 801 783 827 utraeque.
811 811 844 814 —

81 835 180 864 utrique
200 833 227 856 de
247 833 340 856 duobus
365 834 375 856 Ι
398 833 442 860 15,
465 833 495 856 37
516 833 609 863 pariter
627 833 722 855 floretis
741 832 842 861 utrique

84 869 191 899 (ecclesia
215 870 236 891 ct
258 868 390 897 episcopus)
431 868 468 890 III
489 867 518 896 6,
540 867 572 890 26
597 874 654 896 spes
679 867 705 889 in
730 866 842 895 utrisque

83 904 233 933 (Domitiano
251 904 272 924 et
290 902 399 930 Victor-io)
422 908 533 930 manens,
556 902 665 930 sequitur
683 909 706 924 11.
723 900 754 923 28
774 903 842 923 uter-

79 945 129 967 que
148 937 176 959 de
196 937 320 959 Domnulo
338 938 359 958 el
379 936 538 959 Romae-harto
574 936 596 957 V
615 935 638 965 5,
658 934 704 958 149
724 942 763 957 me
783 942 842 963 quo-

79 979 127 1002 que
147 978 190 994 vos
209 971 328 993 humilem
348 971 441 1000 pariter
459 970 599 993 memoretis
618 970 717 998 utrique
744 969 842 992 (Avitus

77 1009 99 1029 et
121 1005 257 1035 Greyorius)
298 1006 345 1028 VII
366 1005 390 1033 7,
408 1004 439 1027 47
460 1005 539 1027 fultus
558 1004 671 1033 utrisque
690 1004 761 1027 bonis
800 1003 838 1030 19,

79 1040 93 1063 2
113 1041 135 1063 51
152 1040 228 1062 simul
241 1040 285 1063 hos
299 1046 377 1062 unum
391 1041 477 1068 pectus
491 1041 611 1068 utrosque
624 1040 693 1060 tenet
714 1038 750 1066 (cle
765 1038 840 1060 Ftavo

77 1077 99 1097 et
120 1074 222 1103 Euodio)
260 1074 321 1096 VIII
342 1073 370 1101 3,
392 1073 440 1096 395
464 1080 555 1095 munus
579 1073 704 1095 tribuatur
727 1072 840 1101 utrisque

81 1109 156 1137 (Fert.
178 1110 200 1131 ct
219 1108 315 1137 Ayneti)
354 1108 389 1130 XI
411 1107 433 1137 6,
450 1107 465 1130 9
485 1109 562 1130 mater
580 1106 740 1135 Radegundis
760 1109 841 1129 utros-

77 1150 125 1173 que
141 1141 144 1174 Ι
160 1156 193 1159 ——
212 1143 386 1172 progenuisset
407 1142 479 1171 (item)
519 1149 576 1171 app.
589 1141 613 1169 6,
632 1140 661 1163 13
680 1141 794 1170 regiones
807 1154 840 1157 ——

78 1180 195 1207 utrasque
232 1176 260 1205 9,
284 1177 315 1199 35
340 1179 459 1205 utraeque
489 1176 563 1204 (Ayn.
585 1178 607 1198 et
626 1175 700 1204 Rncl.)
739 1174 785 1204 28,
811 1174 840 1197 13

78 1212 190 1241 utrisque
210 1212 265 1234 item
301 1210 349 1232 VM
368 1211 378 1232 l
395 1211 426 1233 (50
446 1211 512 1233 inter
530 1212 649 1239 utrosque
668 1210 755 1238 inopes
793 1209 837 1232 501

78 1247 179 1275 utrique
202 1245 274 1275 (Petr.
296 1247 317 1267 et
338 1245 433 1270 Pauln.
459 1258 493 1262 —-
517 1244 551 1272 (Γ.
573 1245 622 1266 VII
643 1244 666 1273 7,
691 1244 719 1266 17
739 1244 781 1273 qui
801 1250 842 1272 ge-

78 1281 154 1303 minis
173 1280 245 1302 rebus
265 1280 353 1308 fulges,
376 1280 402 1301 in
422 1281 527 1308 utroque
546 1281 646 1308 paratus
682 1278 743 1300 VIII
764 1278 787 1306 0,
812 1277 838 1301 11

77 1314 136 1343 sort.
158 1313 277 1337 scribend.
300 1316 420 1342 utraeque

43 1356 77 1372 uu
100 1349 133 1377 cf.
157 1348 208 1371 ind.
228 1355 294 1371 nom.
316 1348 424 1370 Euodius
445 1348 537 1370 Waldo.
558 1360 591 1363 -
611 1349 637 1370 in
655 1348 761 1370 carmine
780 1354 841 1376 qua-

76 1383 145 1406 drato
164 1383 188 1405 11
208 1381 239 1411 4,
261 1382 274 1404 7
302 1382 388 1404 Euuae
424 1382 445 1403 V
464 1381 479 1404 6
499 1389 571 1404 carm.
594 1381 608 1404 3
628 1382 679 1404 Eva
703 1382 841 1403 litterarum

77 1419 135 1440 serie
153 1418 276 1447 (irnmtum
297 1417 344 1445 (111
365 1415 389 1446 9,
410 1416 442 1439 99
463 1416 535 1438 Euua
552 1415 607 1437 CM¹
635 1416 669 1438 IX
690 1415 714 1443 2,
736 1415 749 1438 1
770 1415 842 1437 Euua

78 1451 161 1474 AGMl
187 1452 209 1474 X
229 1450 252 1481 2,
275 1451 288 1473 3
309 1451 381 1473 Euua
400 1450 475 1472 AMJ)
493 1451 546 1479 etc)

44 1523 113 1543 vacat
131 1528 151 1543 c.
175 1527 225 1543 acc.
246 1527 267 1543 e.
289 1519 337 1548 inf.
360 1519 409 1542 VII
432 1518 470 1547 10,
495 1518 522 1541 14
544 1519 579 1542 sie
598 1518 656 1540 facis
676 1520 704 1540 ut
722 1518 841 1548 populum

79 1561 126 1577 non
147 1557 218 1577 vacet
237 1561 290 1577 esse
309 1561 378 1577 reum

43 1595 146 1612 vacuare
166 1590 181 1612 i.
198 1597 220 1618 q.
241 1589 339 1611 irritum
358 1588 458 1610 reddere
477 1587 511 1609 IV
525 1585 565 1616 26,
583 1587 614 1609 70
634 1587 692 1609 huic
705 1587 763 1615 quia
777 1593 841 1608 mer-

80 1623 146 1646 cedis
165 1630 213 1645 nou
233 1625 352 1645 vacuatur
371 1629 440 1652 opus.
461 1635 495 1639 --
514 1621 547 1650 cf.
569 1621 616 1644 VM
635 1622 646 1643 Ι
668 1620 714 1643 139
735 1627 841 1643 vacuans

78 1658 172 1680 ratione
192 1657 314 1686 sophistas

43 1699 136 1715 vacuus
154 1691 177 1714 V
191 1691 215 1721 5,
234 1691 280 1714 145
297 1698 345 1713 non
365 1691 415 1713 fuit
432 1691 457 1713 in
478 1697 582 1712 vacuum
602 1689 665 1718 quod
685 1692 709 1712 te
729 1689 842 1718 provexit

78 1727 206 1749 alumnum
242 1725 277 1748 IX
294 1725 303 1748 1
321 1724 352 1748 29
372 1732 420 1747 11011
440 1725 488 1747 fuit
506 1725 532 1747 in
552 1731 657 1747 vacuum
677 1724 712 1746 sic
730 1726 754 1746 te
774 1723 841 1745 voci-

77 1764 128 1783 tare
147 1762 262 1790 pareutes
299 1760 334 1782 VI
352 1759 375 1788 5,
394 1758 440 1782 129
461 1759 583 1787 frangitur
602 1760 626 1781 et
645 1758 739 1781 densus
758 1758 841 1780 vacuis

77 1795 215 1818 ululatibus
235 1801 276 1817 aer

44 1836 131 1858 vagare
149 1829 198 1852 VM
212 1829 223 1851 Ι
237 1828 285 1851 475
305 1829 411 1858 imperat
430 1830 459 1850 ut
477 1827 564 1856 prodat
582 1827 603 1849 si
623 1827 711 1849 nuntia
730 1833 787 1849 vera
800 1834 841 1848 va-

78 1866 164 1893 garent
189 1864 280 1893 (potuit
298 1862 428 1891 vagentur)

45 1899 126 1921 valere
145 1898 166 1920 V
186 1898 208 1925 5,
233 1896 280 1920 138
299 1898 342 1926 qui
362 1897 495 1919 Fortunato
515 1902 562 1918 non
583 1896 689 1918 valitura
708 1896 787 1918 iubes.
809 1908 842 1911 —-

79 1940 100 1955 c.
116 1932 164 1961 inf.
184 1939 249 1961 pas&
272 1932 295 1954 II
312 1931 350 1959 111,
367 1931 398 1953 55
419 1931 453 1953 1111
474 1930 538 1952 valet
558 1930 682 1956 abscondi,
706 1930 741 1952 nil
761 1929 841 1951 claudi

79 1967 145 1990 nilve
165 1967 242 1989 teneri
279 1966 302 1988 X
319 1965 339 1995 1,
359 1965 366 1988 l
384 1967 413 1987 ut
432 1972 477 1987 uec
497 1965 578 1987 verbis
597 1964 688 1993 exequi
707 1977 741 1980 -—
761 1970 842 1993 neque

79 2001 133 2030 ipsa
152 2001 231 2023 valeat
250 2001 397 2028 cogitatione
416 1999 509 2028 pulsari
547 1998 575 2021 14
595 2006 608 2020 3
626 2005 674 2028 quo
695 1998 756 2020 deus
775 2000 843 2027 pater

81 2035 229 2058 sanctificari
255 2035 337 2057 valeat
372 2033 421 2056 VM
442 2034 479 2056 Ill
499 2033 547 2056 392
571 2033 738 2061 belligeratori
762 2032 843 2054 valeat

78 2077 110 2092 ne
129 2070 222 2093 femina
246 2069 317 2097 iungi
354 2069 390 2090 IV
409 2067 458 2090 403
478 2070 521 2090 aut
545 2068 641 2090 animae
667 2067 767 2090 mercari
794 2067 843 2088 vita

78 2104 172 2127 valebit

43 2139 166 2168 vaporifer
183 2138 218 2160 VI
240 2137 278 2167 10,
302 2136 315 2159 5
336 2137 502 2165 vaporiferum
521 2149 553 2152 —
573 2138 665 2158 astrum

44 2174 148 2196 variatio
167 2172 371 2195 constructionis:
392 2171 482 2201 infinit.
503 2173 525 2193 et
544 2171 682 2193 coniunctio
700 2177 720 2192 e.
735 2177 759 2198 1(-
796 2169 843 2191 VM

80 2208 103 2229 II
124 2206 173 2229 204
195 2207 302 2229 maculas
321 2206 449 2233 detergere
470 2206 537 2227 venit
554 2203 557 2236 Ι
574 2205 770 2232 muneribusque
790 2204 844 2226 suis

79 2243 175 2263 curaret
194 2243 223 2263 ut
241 2240 322 2263 ulcera
342 2239 429 2262 mundi
459 2239 509 2262 230
529 2240 563 2262 ait
583 2239 611 2261 ad
632 2246 685 2261 sese
705 2238 769 2267 quod
789 2245 843 2259 vae-

78 2276 139 2298 litus
159 2275 261 2303 angelus
281 2271 347 2306 iret}
369 2276 393 2296 et
412 2280 521 2296 reserare
541 2274 587 2296 sibi
606 2286 640 2289 —
659 2271 664 2303 Ι
686 2275 711 2295 et
729 2285 763 2289 —
783 2273 843 2294 voli-

80 2312 133 2333 tent
170 2310 207 2331 III
227 2308 276 2332 442
296 2315 424 2338 exponens
443 2321 477 2324 ——
499 2306 502 2339 Ι
528 2309 584 2337 quis·
603 2308 666 2329 color
684 2310 757 2336 atque
776 2306 844 2328 hahi-

79 2346 120 2366 tus
139 2357 173 2360 —
197 2341 201 2375 Ι
227 2346 252 2365 et
271 2349 383 2365 sermone
402 2343 454 2372 pari
474 2342 592 2371 placidam
613 2342 707 2364 dixisse
728 2341 840 2363 salutem.

78 2392 112 2395 -—
130 2379 163 2408 cf.
186 2377 234 2400 VM
254 2378 288 2400 lv
307 2374 356 2400 625
367 2384 401 2407 sq.
422 2390 456 2393 -
475 2377 511 2399 IX
531 2377 554 2405 3,
580 2376 588 2399 1
611 2378 665 2405 post
684 2377 844 2404 tempestates

80 2426 113 2429 -—
130 2410 133 2443 Ι
150 2415 204 2441 post
218 2411 311 2434 validas
328 2412 423 2434 hiemes
441 2425 475 2428 -—
491 2411 494 2439 Ι
512 2411 610 2433 flamine
630 2417 672 2433 seu
691 2410 769 2440 rapidi
789 2416 844 2432 rura

80 2449 196 2475 gravante
216 2447 266 2468 noti
294 2444 297 2477 Ι
323 2445 459 2468 succedunt
483 2446 573 2468 iterum
600 2445 710 2467 vernalia
734 2447 844 2473 tempora

81 2481 173 2503 mundo
192 2480 227 2509 cf.
249 2480 414 2508 anacoluthia,
436 2481 548 2509 particip.
570 2481 613 2502 etc.

47 2516 156 2538 variatus
176 2516 191 2537 i.
214 2522 236 2544 q.
258 2515 340 2537 varius
368 2515 403 2537 VI
424 2513 451 2543 2,
475 2514 506 2537 85
526 2514 546 2537 si
566 2515 667 2536 veniant
685 2513 782 2542 aliquae
802 2520 843 2535 va-

80 2550 142 2572 riato
161 2555 286 2571 murmure
305 2555 392 2571 causae
428 2549 491 2571 VIII
510 2548 534 2577 4,
553 2547 583 2571 19
602 2547 781 2576 sardonychum
801 2554 843 2569 va-

80 2585 141 2607 riato
160 2584 255 2606 lumine

47 2625 78 2641 ve
97 2619 113 2641 i.
135 2626 157 2647 q.
179 2624 228 2647 que
256 2618 279 2639 II
303 2617 340 2646 16,
363 2617 394 2639 55
414 2617 449 2639 nil
469 2617 534 2639 valet
552 2616 682 2646 abscondi,
708 2616 744 2638 nil
763 2615 841 2637 claudi

80 2653 147 2675 nilve
165 2652 245 2675 teneri
266 2651 309 2680 (of.
325 2654 411 2679 necve)
444 2651 466 2673 V
479 2650 493 2674 6
507 2658 578 2673 carm.
595 2650 627 2673 22
645 2651 726 2675 (curm.
744 2650 839 2679 quadr.)

78 2687 169 2716 prodiit
187 2686 245 2708 inde
264 2686 330 2708 salus
349 2686 497 2708 matutinive
516 2685 620 2708 lucerna
656 2684 687 2707 34
707 2685 791 2713 ipsave
812 2684 843 2706 li-

77 2722 159 2743 bertas
194 2720 243 2742 VM
262 2721 297 2743 IV
310 2720 358 2743 1175
378 2727 465 2749 quove.
487 2733 520 2736 —
540 2721 565 2742 in
586 2720 773 2747 interroyatione
793 2715 856 2741 VII*

80 2754 125 2783 12,
146 2755 176 2778 27
197 2754 287 2784 quidve
306 2761 391 2784 poema
410 2755 510 2783 potest?
548 2754 608 2776 VIII
629 2753 659 2783 3,
683 2753 729 2776 287
751 2753 841 2782 quidve

1612 122 1669 151 421

914 219 998 247 loquar
1022 218 1159 240 humilem?
1195 216 1242 239 305
1267 216 1358 246 quidve
1377 216 1486 238 animum
1506 216 1602 238 dulcem
1622 222 1674 238 mc-

913 259 1005 275 morem

880 289 991 315 vegetare
1010 287 1118 315 vegitare
1138 285 1211 315 1119,
1231 284 1276 308 107
1296 285 1446 307 inmaculata
1464 285 1515 307 tuis
1532 285 1603 314 plebs
1616 284 1675 307 haec

914 322 1042 347 vegetetur
1066 321 1092 343 in
1118 320 1186 342 uluis
1209 318 1369 346 (scribendum
1388 318 1507 347 vectetur)
1546 319 1593 341 Vll
1613 318 1637 347 4,
1660 318 1674 341 3

912 355 986 377 dicite
1001 362 1049 384 qua
1062 355 1156 382 vcgitet
1168 361 1238 376 carus
1252 353 1312 375 mihi
1327 353 1391 381 Gogo
1404 353 1484 375 salute
1504 353 1578 382 (-etet
1591 353 1671 382 dett).

912 402 943 404 —
963 388 996 417 cf.
1019 389 1065 410 VII
1086 388 1128 416 20,
1149 387 1162 410 7
1183 389 1282 417 vegitus
1300 387 1351 416 fere
1370 387 1439 410 codd.

878 423 916 445 vel
937 424 953 445 i.
974 430 996 451 q.
1017 425 1042 445 et
1073 423 1109 444 III
1130 421 1183 451 ⁸232,
1205 422 1220 444 4
1240 423 1287 444 ima
1312 422 1351 444 vel
1376 422 1426 444 alta
1450 423 1520 444 tenet
1556 421 1591 443 IV
1611 420 1634 449 7,
1657 421 1672 444 4

911 457 1018 479 carmine
1043 457 1080 479 vel
1104 456 1172 478 dulci
1197 463 1267 484 cogor
1291 463 1371 478 amara.
1390 456 1458 484 loqui
1495 456 1517 477 V
1538 454 1560 483 1,
1585 454 1613 477 10
1633 456 1672 477 vel

910 491 973 519 apud
994 497 1034 513 eos
1053 497 1073 512 e.
1092 498 1114 519 q.
1131 497 1150 512 8.
1192 490 1230 519 10,
1252 489 1266 512 S
1286 490 1346 512 mihi
1366 491 1406 512 vel
1424 490 1529 518 reliquis
1566 489 1625 511 VIII
1646 490 1669 518 3,

910 524 957 547 297
986 524 1108 554 Sapphira
1132 524 1170 546 vel
1195 524 1283 546 mulier
1305 531 1325 546 e.
1347 532 1368 553 q.
1390 532 1408 546 s.
1450 523 1501 551 12³,
1523 523 1535 545 7
1562 524 1607 546 loci
1632 524 1671 546 sui

910 559 947 581 vel
967 565 1086 588 personae
1105 558 1232 587 totiusque
1251 558 1348 586 regulae
1387 557 1426 581 13,
1441 557 1455 580 -1
1473 558 1552 587 stirpe
1566 558 1602 579 vel
1617 564 1670 580 arce

910 596 977 622 pater
1014 593 1048 615 IX
1071 592 1092 619 1,
1115 592 1146 614 22
1166 595 1230 614 terra
1248 592 1287 614 vel
1306 595 1371 614 astra
1409 591 1455 614 10ss
1480 591 1590 619 (secundo
1609 593 1668 619 loco)

909 627 937 656 5,
960 626 989 655 8,
1026 626 1070 655 13,
1093 626 1106 648 2
1130 630 1183 655 (see.
1205 626 1235 655 l.)
1274 626 1296 648 X
1316 624 1391 653 2,1;
1425 625 1545 654 3,1.4;
1579 625 1602 653 7,
1625 626 1669 654 383

909 660 931 690 S,
957 661 999 689 173
1036 660 1085 688 12³,
1112 660 1138 687 1;
1174 659 1246 688 15,1
1286 660 1321 682 XI
1342 660 1364 685 9,
1390 659 1434 687 113
1470 659 1508 689 17,
1531 659 1559 687 2;
1594 660 1635 687 23,
1656 660 1671 682 9

907 702 966 724 app.
989 695 1011 724 5,
1034 694 1063 723 S3
1086 695 1109 723 (ἱ,
1132 694 1162 722 7;
1184 694 1223 723 21,
1249 693 1279 716 14
1316 694 1364 716 VM
1384 695 1395 716 Ι
1415 693 1463 716 228
1500 695 1537 716 III
1557 693 1606 716 275
1637 695 1671 716 IV

907 730 964 751 309.
987 742 1019 745 -
1039 735 1105 758 spur.
1129 728 1150 755 1,
1172 728 1221 751 253

873 764 996 785 velificare
1016 763 1061 785 VM
1081 763 1116 785 IV
1135 762 1184 785 405
1204 762 1342 784 velificante
1362 762 1445 784 volatu

872 798 940 819 velut
959 798 974 820 i.
992 805 1014 826 ‘l-
1035 800 1063 819 ut
1080 804 1137 826 app.
1155 796 1176 825 1,
1196 795 1242 819 163
1262 796 1333 818 velut
1351 798 1407 824 opto
1444 795 1491 817 VM
1506 796 1541 817 111
1557 795 1605 818 293
1626 804 1667 818 ve-

906 832 944 854 lut
962 839 993 854 ex
1013 831 1112 860 stipulis
1131 832 1247 859 coqueret
1265 836 1292 852 se
1311 830 1407 852 flamma
1426 830 1517 852 camini

871 866 989 888 venditus
1008 866 1042 887 IV
1058 864 1096 891 12,
1117 864 1145 887 10
1166 865 1266 887 vendita
1284 871 1322 886 res
1341 864 1420 893 pretio
1439 870 1486 885 non
1500 864 1548 886 suit
1562 864 1610 886 ulla
1623 871 1667 886 suo

871 901 983 922 venerari
1001 907 1066 928 pass.
1100 899 1135 921 IX
1158 898 1201 928 13,
1226 897 1252 921 11
1281 898 1431 920 Mummolus
1457 898 1569 927 egregius
1594 905 1668 921 vene-

904 937 972 957 retur

870 971 997 991 venerator
1016 968 1038 991 X
1053 967 1076 998 3,
1093 968 1107 991 4
1122 969 1291 990 veneratorem
1305 969 1424 995 vestrum,
1440 966 1582 996 portitorem
1596 973 1666 995 prae-

903 1003 1012 1025 sentium

869 1038 1000 1060 veniabilis
1019 1038 1042 1059 11
1063 1036 1086 1066 5,
1110 1036 1119 1059 1
1142 1035 1264 1058 veniabile
1283 1036 1381 1063 signum
1404 1034 1480 1063 (crux)

869 1072 973 1094 venialis
992 1071 1029 1093 III
1043 1070 1066 1098 3,
1084 1070 1098 1093 6
1117 1071 1149 1093 sit
1168 1070 1265 1092 veniale
1284 1075 1366 1098 precor
1384 1069 1449 1098 quod
1462 1071 1521 1091 tuus
1535 1068 1586 1091 edit
1599 1075 1665 1091 amor

903 1113 960 1135 app.
983 1105 1022 1134 13,
1046 1105 1075 1128 10
1095 1105 1128 1127 sit
1147 1104 1243 1126 veniale
1262 1110 1347 1132 precor

869 1141 953 1163 venire
977 1148 998 1163 c.
1019 1139 1069 1163 dat.
1103 1140 1114 1161 I
1136 1138 1180 1167 15,
1203 1137 1234 1161 So
1255 1138 1302 1160 rite
1327 1137 1465 1160 ministerio
1489 1139 1514 1159 te
1539 1137 1666 1159 tribuente

904 1175 973 1197 venit

870 1210 933 1232 uenti
951 1208 984 1237 cf.
1006 1208 1054 1230 VM
1074 1209 1099 1230 11
1119 1207 1150 1230 76

870 1243 1005 1266 ventositas
1036 1242 1059 1265 X
1082 1242 1103 1271 1,
1126 1241 1156 1265 37
1180 1248 1223 1271 per
1248 1241 1425 1264 ventositatem
1449 1247 1510 1263 suae
1535 1240 1666 1269 superbiae

904 1278 1065 1306 extinguatur

870 1312 988 1334 νει-3811115
1018 1311 1066 1333 VM
1088 1311 1124 1333 III
1145 1310 1193 1333 300
1213 1312 1264 1332 arte
1289 1316 1351 1332 nova
1374 1315 1470 1337 cursor,
1498 1309 1558 1331 bove
1578 1315 1667 1338 nempe

904 1346 1005 1368 veraedo
1026 1344 1123 1377 (veredo
1142 1344 1224 1373 codd.)

871 1381 1017 1409 νει-1115811115
1045 1379 1091 1402 VM
1107 1380 1141 1402 III
1160 1378 1205 1402 158
1225 1385 1270 1401 nec
1290 1384 1355 1400 sacra
1375 1377 1501 1405 verbigcni
1524 1378 1565 1405 (sic
1583 1376 1664 1405 codd„

903 1422 952 1437 mm
971 1414 1125 1443 verbigenae)
1149 1414 1238 1436 flueret
1256 1419 1331 1442 super
1348 1412 1415 1434 unda
1434 1411 1553 1433 Tonantis

870 1449 967 1471 verbum
986 1449 1087 1477 simplex
1105 1455 1149 1477 pro
1164 1448 1294 1476 composito
1313 1446 1346 1474 cf.
1364 1446 1454 1469 ducere
1474 1446 1537 1468 serre
1556 1452 1666 1475 premere

903 1490 987 1513 rapere
1006 1484 1108 1506 tendere

868 1519 968 1541 ⁴uerbum
987 1518 1107 1540 substant.
1130 1518 1245 1539 omissum
1272 1515 1305 1543 cf.
1326 1517 1365 1538 est

870 1559 968 1581 vergere
987 1552 1059 1575 alicui
1078 1551 1174 1580 aliquid
1193 1550 1242 1573 VM
1256 1550 1291 1573 IV
1306 1548 1354 1573 530
1369 1551 1451 1571 saneto
1465 1549 1575 1571 convicia
1587 1549 1667 1577 vergit

870 1594 944 1609 verna
964 1588 980 1609 ἱ.
996 1594 1017 1616 q.
1040 1593 1081 1609 ver
1101 1586 1147 1608 VII
1161 1584 1185 1613 6,
1204 1585 1232 1608 12
1253 1586 1325 1607 flores
1344 1590 1404 1613 quos
1423 1583 1479 1605 dare
1499 1590 1572 1605 verna
1585 1583 1666 1605 solent

871 1621 977 1644 vernalis
1008 1621 1044 1643 III
1065 1620 1093 1648 9,
1117 1620 1146 1643 10
1169 1627 1225 1642 cum
1244 1620 1307 1642 bene
1327 1619 1440 1641 vernales
1460 1618 1568 1640 reddidit
1586 1624 1666 1640 annus

903 1662 961 1685 opes

871 1691 964 1712 vernari
986 1690 1096 1719 (vernare
1113 1690 1214 1718 passim,
1236 1688 1270 1716 cf.
1286 1687 1321 1710 IX
1335 1687 1357 1715 2,
1377 1686 1420 1710 121
1454 1686 1490 1709 XI
1504 1685 1527 1715 8,
1546 1685 1572 1708 11
1606 1693 1662 1715 app.

906 1724 929 1752 1,
947 1724 1003 1751 168)
1025 1724 1062 1746 ΙΙΙ
1077 1723 1101 1753 4,
1117 1723 1131 1746 6
1148 1730 1191 1753 per
1211 1730 1252 1745 vos
1270 1736 1304 1739 —
1321 1721 1414 1745 Favoni
1433 1721 1505 1744 sibilo
1524 1720 1666 1743 modulante

904 1761 1020 1781 vernatur

871 1800 957 1816 versus
976 1794 1003 1815 in
1034 1792 1082 1815 VM
1108 1792 1142 1814 IV
1169 1791 1215 1815 1115
1239 1791 1346 1820 pedibus
1369 1790 1505 1819 superactis
1531 1796 1617 1811 versus
1643 1789 1667 1810 in

904 1828 982 1850 altum

870 1863 968 1885 vestitus
1005 1861 1039 1890 ef.
1061 1862 1124 1883 VIII
1145 1860 1175 1889 3,
1197 1859 1291 1889 203811.

904 1896 950 1918 451
967 1903 1002 1925 sq.
1042 1897 1077 1918 111
1097 1895 1129 1919 34
1142 1902 1177 1924 sq.
1217 1895 1252 1917 IV
1271 1893 1321 1916 322
1334 1890 1381 1923 sqss,
1402 1893 1435 1922 cf.
1456 1894 1556 1921 sinyulrz

871 1931 946 1953 vestri
966 1931 983 1953 i.
998 1938 1018 1960 q.
1041 1932 1150 1952 vestrum
1169 1930 1204 1951 IX
1225 1929 1247 1958 2,
1272 1928 1318 1951 139
1338 1928 1381 1957 qui
1401 1927 1497 1950 medius
1517 1928 1591 1949 vestri
1612 1935 1666 1957 rep-

906 1967 961 1987 tans
981 1971 1024 1992 per
1044 1965 1105 1987 colla
1125 1966 1256 1993 parentum

872 2002 955 2021 vetare
975 2000 1012 2021 111
1032 1998 1055 2027 9,
1079 1998 1110 2021 70
1129 2000 1157 2020 111
1175 2001 1243 2026 tegat
1261 1997 1387 2019 inclusum
1406 2003 1468 2025 rupe
1488 1999 1588 2019 vetante
1606 1997 1667 2025 lapis

908 2033 947 2061 10,
971 2033 1000 2056 18
1020 2036 1045 2055 et
1064 2033 1168 2055 fluvium
1188 2032 1291 2054 docilem
1311 2033 1394 2053 moute
1413 2033 1513 2053 vetante
1532 2031 1608 2053 trahis
1645 2031 1665 2053 X

906 2067 935 2096 7,
959 2067 990 2090 52
1009 2068 1083 2090 noxia
1103 2067 1132 2089 de
1151 2067 1219 2089 vobis
1238 2067 1291 2095 ipse
1310 2072 1406 2088 venena
1425 2068 1492 2088 vetet
1528 2065 1563 2087 XI
1585 2064 1612 2087 21
1625 2083 1630 2093 ,
1656 2064 1662 2087 1

906 2102 926 2124 si
949 2109 987 2124 me
1008 2108 1056 2124 non
1076 2102 1180 2124 nimium
1200 2100 1338 2129 pluviatilis
1357 2107 1415 2122 aura
1433 2102 1528 2122 vetaret
1564 2106 1620 2128 app.
1645 2099 1664 2126 1,

906 2135 1094 2158 83181181118111
1119 2136 1235 2158 affectum
1261 2134 1329 2156 nulla
1353 2135 1440 2163 pruina
1465 2135 1531 2156 vetat
1566 2133 1613 2155 VM
1633 2133 1666 2155 1V

1331 1859 1367 1882 IX
1386 1858 1416 1888 2,
1440 1857 1485 1881 123
1499 1866 1533 1888 sq.
1575 1857 1623 1880 VM
1644 1859 1666 1881 11

908 2170 953 2193 177
974 2171 1142 2199 agricolaeque
1162 2176 1262 2191 manum
1282 2169 1369 2191 tritura
1388 2170 1484 2190 vetaret
1503 2168 1617 2197 adempta

873 2207 997 2227 veteratus
1017 2205 1039 2226 X
1060 2204 1084 2229 2,
1105 2204 1118 2226 4
1139 2205 1248 2226 veterata
1264 2202 1447 2225 machinatione
1467 2202 1595 2231 decipulae
1618 2202 1666 2230 (in-

906 2242 955 2262 vet.
977 2238 1030 2267 BL)
1069 2238 1117 2260 VM
1137 2239 1147 2260 Ι
1170 2237 1213 2260 121
1241 2236 1332 2260 Christi
1351 2238 1467 2259 iuvenem
1487 2238 1595 2259 veterata
1613 2236 1666 2265 pia-

906 2274 960 2295 cula
979 2275 1095 2302 torquent

872 2307 950 2329 veteri
969 2307 1015 2330 abl.
1050 2308 1084 2330 VI
1105 2306 1127 2335 5,
1150 2305 1199 2329 302
1218 2306 1330 2335 deposita
1348 2305 1426 2328 veteri
1445 2311 1512 2327 nunc
1531 2304 1592 2327 stola
1610 2304 1667 2333 pul-

906 2342 962 2364 chra
980 2342 1043 2370 tegit
1078 2340 1101 2363 X
1120 2340 1145 2368 11,
1164 2340 1195 2363 75
1216 2347 1271 2363 nam
1291 2340 1368 2362 veteri
1387 2340 1488 2361 fuerant
1506 2339 1565 2361 haec
1583 2339 1668 2361 fundi-

906 2378 946 2398 tus
966 2378 1035 2398 eruta
1053 2376 1123 2405 lapsu

872 2412 989 2432 veternus
1009 2411 1024 2433 ι’,
1047 2417 1069 2439 q.
1092 2411 1223 2432 veteranus
1252 2409 1274 2431 V
1294 2408 1316 2438 5,
1340 2407 1370 2430 39
1390 2414 1437 2430 non
1457 2407 1549 2436 pudeat
1568 2407 1668 2429 meliora

907 2445 976 2474 sequi
998 2444 1035 2466 vcl
1055 2444 1123 2466 tarda
1143 2446 1256 2466 veternos
1278 2442 1406 2471 (veternus
1425 2441 1505 2469 codd.)

872 2479 937 2501 viare
956 2478 1016 2500 VIII
1032 2478 1054 2508 2,
1071 2478 1085 2500 9
1105 2478 1201 2507 aequali
1220 2476 1284 2499 calce
1304 2477 1400 2499 viantes
1438 2476 1471 2498 IX
1490 2475 1513 2504 7,
1530 2474 1557 2497 31
1580 2475 1600 2497 si
1621 2475 1667 2497 mi-

906 2520 953 2535 nus
972 2520 1072 2542 possum
1092 2512 1196 2541 pedibus
1216 2511 1280 2533 viare

872 2547 988 2570 viaticum
1008 2548 1023 2570 i.
1040 2554 1060 2575 q.
1082 2547 1142 2568 iter:
1164 2546 1242 2575 praes.
1258 2544 1272 2567 5
1292 2545 1358 2567 inter
1376 2544 1435 2566 haec
1454 2546 1559 2566 extensa
1578 2543 1668 2566 viatica

906 2582 939 2604 VI
961 2581 990 2609 5,
1014 2580 1059 2603 127
1081 2580 1181 2603 deducit
1199 2580 1296 2602 dulcem
1316 2585 1359 2608 per
1378 2585 1459 2600 amara
1478 2578 1566 2600 viatica
1585 2580 1667 2600 natam

872 2616 966 2638 vibrare
986 2622 1011 2637 se
1031 2616 1067 2637 III
1088 2614 1111 2643 4,
1127 2614 1141 2637 2
1161 2616 1229 2636 tanta
1248 2620 1274 2635 se
1293 2613 1429 2635 renidentis
1448 2613 1605 2641 eloquentiae
1625 2612 1667 2634 lux

906 2650 1011 2672 vibravit

871 2685 1002 2706 viburnum
1022 2684 1057 2705 XI
1078 2682 1118 2711 25,
1143 2682 1170 2705 17
1192 2684 1289 2710 segetes
1308 2682 1413 2704 viburna
1432 2681 1547 2704 salictum

870 2719 996 2741 vivarietas
1015 2718 1037 2740 V
1056 2717 1079 2742 0,
1098 2717 1126 2740 17
1147 2716 1279 2739 considenti
1300 2717 1442 2739 vicarietate
1461 2715 1557 2738 servitii
1594 2715 1616 2737 X
1636 2714 1660 2742 4,

903 2753 917 2776 2
938 2754 1008 2775 nobis
1028 2752 1094 2774 velut
1114 2752 1138 2774 in
1160 2754 1239 2774 vestra
1256 2751 1398 2774 vicarietate
1411 2751 1481 2773 tieret
1494 2749 1662 2780 amplectenda
