2038 3036
206 1082 233 1112 ll

264 121 321 150 μγ)
563 115 755 144 orvscx'LA
776 114 967 142 x'ENANTlo
988 113 1216 140 FORTVNATO
1235 112 1337 140 MALE
1357 113 1578 140 ATTRIBVTA

261 214 377 251 ingenii
409 211 637 243 restauratione
669 207 879 241 commendat.
941 210 967 245 Χ3
1007 208 1075 238 Hac
1105 217 1181 247 ergo
1211 207 1463 240 consideratione
1494 208 1663 239 audaciam
1694 208 1810 240 nimiae
1834 214 1883 240 te-

260 264 412 295 meritatis
452 263 639 294 adsumens.
681 271 763 300 qnae
796 261 890 298 longo
920 259 1070 299 temporis
1103 258 1227 290 fuerant
1257 259 1444 290 obumbrata
1477 259 1604 290 silentio
1635 259 1738 300 ipsius
1767 259 1884 291 divini-

260 316 333 346 tati>
357 314 477 345 auxilio
501 317 648 353 suscepta
673 316 745 342 sunt
770 310 953 341 reseranda.
999 310 1038 340 Et
1064 313 1096 341 ut
1120 309 1216 341 babet
1239 310 1452 341 testimonium
1478 310 1622 342 veritatis
1646 311 1719 352 plus
1742 310 1884 342 fidelium

260 374 329 398 ¹sunt
361 365 512 396 relatione
545 367 723 404 comperta.
757 372 851 401 quam
882 361 1053 402 probentur
1082 360 1123 391 ad
1147 370 1204 392 nos
1229 361 1363 392 lectione
1386 361 1587 393 transmissa.
1640 364 1676 402 {42
1709 361 1798 393 Vnde
1823 371 1885 393 nou

261 419 328 448 sine
353 422 437 447 certa
461 415 682 446 aestimatione
707 413 870 444 conicitur.
898 412 983 452 qnod
1007 412 1132 443 novitas
1156 411 1262 443 adhuc
1285 412 1481 444 credentium
1505 413 1693 454 populorum
1716 413 1884 453 gentilium

259 468 445 499 erudelitate
470 465 638 497 conterrita
665 464 847 496 formidavit
872 463 1024 494 scribere.
1054 462 1139 502 quod
1162 466 1268 494 tamen
1292 463 1454 503 gaudebat
1478 463 1530 495 dei
1555 463 1692 496 famulos
1716 464 1882 496 meruisse.

258 530 327 549 eum
360 519 427 549 sine
460 517 556 548 dubio
580 516 759 547 iudicentur
783 515 901 555 scripta
924 524 1006 554 quae
1031 513 1173 545 fidelium
1198 524 1301 545 sermo
1324 518 1458 546 testatur
1481 515 1623 556 hnpleta.
1678 516 1714 555 25)
1743 515 1884 547 Creden-

258 571 331 601 dum
363 569 445 600 enim
478 567 517 598 de
550 567 598 598 liis
629 572 675 598 est
708 570 739 598 ct
767 566 913 597 abstersa
943 565 1116 597 dubietatis
1147 565 1230 596 nube
1262 565 1336 597 totis
1366 566 1486 597 viribus
1519 565 1731 598 confitendum
1755 576 1810 598 eos
1833 567 1885 607 qui

260 632 312 662 pro
344 619 543 651 consessione
574 618 694 649 domini
725 628 762 649 ac
792 617 844 648 dei
875 616 972 648 nostri
1005 616 1094 657 digni
1119 616 1246 648 fuerunt
1269 616 1376 648 subire
1401 616 1586 658 martyrium
1610 617 1705 649 ctiam
1730 617 1886 659 ampliora

258 673 392 703 tolerare
417 670 567 702 valuisse.
599 680 694 709 quam
720 668 847 700 videtur
870 667 1116 699 suceedentibus
1139 667 1300 699 aetatibus
1324 668 1436 699 relatio
1460 678 1518 709 per
1541 669 1675 710 populos
1698 669 1885 701 transmissa

258 723 409 754 recolere.
473 724 499 761 (ἰ)
531 720 566 752 ld
591 730 666 761 crgo
690 719 882 761 supplicatio
905 719 1081 751 communis
1105 719 1264 758 obteneat,
1296 723 1329 751 ut
1352 719 1478 751 veniam
1502 724 1716 760 consequatur
1737 720 1882 760 devotus,

258 775 282 805 si
315 773 391 813 quid
424 773 463 804 dc
496 772 664 803 virtutibus
695 770 909 812 praetermisit
937 771 1081 811 ignarus.
1129 770 1213 802 Nam
1245 770 1306 802 etsi
1337 770 1443 802 omnia
1473 780 1535 802 non
1565 781 1585 802 a
1607 781 1642 803 se
1665 771 1880 810 exsolvuntur,

257 825 386 857 credere
412 824 603 855 universitas
627 827 796 855 mercatur.
825 826 858 853 ut
882 822 933 853 dci
958 822 1099 853 famulus
1122 822 1185 853 iam
1210 822 1329 853 maiora
1354 822 1470 853 sentiat
1493 832 1588 862 qnam
1605 832 1708 854 sermo
1725 823 1886 864 passionis

258 877 421 918 explanat.
496 877 512 905 7
558 875 702 912 Qualiter
732 874 816 906 enim
850 874 950 905 cultor
979 873 1099 905 domini
1131 873 1219 905 locus
1250 873 1319 905 eius
1349 873 1495 914 gaudens
1526 874 1735 915 patrocinium
1768 875 1886 907 babere

259 928 438 969 promeruit.
467 927 492 957 si
517 936 639 966 (pioque
664 926 756 957 modo
780 926 913 956 aliorum
939 928 1120 956 sauctorum
1145 924 1286 956 iunctum
1310 925 1358 956 illi
1381 925 1607 965 agnoverimus
1631 925 1732 958 fuisse
1755 935 1885 958 consor—

258 980 335 1011 tium
359 997 400 1002 —
425 978 470 1009 sie
495 977 636 1009 fidelium
660 976 815 1008 relatione
847 975 1017 1007 didicimus
1042 994 1092 1007 —.
1121 976 1261 1017 ipsorum
1285 976 1448 1008 iuvamine
1472 980 1645 1017 martyrum
1669 980 1822 1017 quantum
1846 977 1885 1010 de

258 1042 291 1063 sc
315 1031 395 1062 scire
420 1030 561 1061 tribuunt
585 1028 793 1070 explicemus.

359 1083 383 1120 s}
415 1081 488 1111 l'ost
511 1079 630 1111 domini
655 1079 753 1111 nostn'
777 1079 851 1110 Iesu
868 1078 986 1110 Christi
1011 1078 1210 1110 salutiferam
1235 1078 1428 1120 passionem,
1457 1082 1528 1120 post
1551 1079 1791 1111 resurrectionis
1815 1080 1886 1111 nni-

258 1144 313 1165 eae
338 1132 572 1173 singularisque
596 1131 793 1172 mysterium⁷
821 1133 892 1171 post
915 1130 1137 1162 ascensionem
1161 1129 1241 1169 eius,
1269 1140 1333 1170 qua
1356 1129 1574 1161 manifestavit
1598 1130 1778 1162 hominibus
1794 1141 1886 1162 num-

257 1195 350 1225 quam
386 1194 419 1215 se
455 1183 598 1215 defuisse
633 1193 694 1223 quo
727 1181 838 1213 rediit.
878 1181 1093 1222 apostolorum
1126 1179 1322 1222 praedicatio
1354 1180 1511 1212 universis
1541 1181 1691 1221 gentibus
1721 1182 1911 1222 profutura·

257 1236 420 1267 successit.
476 1236 502 1272 {9
541 1234 602 1272 Qui
627 1244 698 1265 cum
723 1233 880 1264 inminere
904 1242 980 1264 suas
1004 1236 1171 1264 cemerent
1194 1232 1378 1274 passiones.
1405 1242 1487 1273 quae
1511 1231 1639 1264 domino
1663 1233 1737 1265 Iesu
1761 1233 1886 1266 Christo

257 1288 388 1319 docente
420 1285 598 1317 didicerant
628 1285 742 1326 repleti
766 1284 897 1325 spiritus
921 1283 1023 1316 saneti
1047 1283 1152 1324 gratia
1175 1283 1360 1321 docuerunt,
1392 1283 1474 1315 adeo
1497 1287 1532 1315 ut
1553 1283 1615 1315 fide
1638 1288 1801 1317 crescente
1825 1295 1886 1316 uon

259 1339 350 1380 pauci
380 1340 576 1369 mererentur
607 1336 673 1368 lieri
707 1335 925 1373 consessores,
965 1345 1044 1375 quos
1075 1335 1277 1376 postmodum
1308 1335 1448 1367 ecelesia
1478 1335 1636 1367 catholica
1664 1335 1785 1376 gaudet
1814 1346 1887 1377 pro-

259 1390 411 1421 meruisse
436 1393 603 1429 maityres.
657 1390 716 1427 *loz*
746 1387 812 1418 Hos
844 1396 922 1428 ergo
952 1396 1085 1427 quorum
1109 1386 1256 1418 virtutem
1281 1390 1520 1427 persecutorum
1544 1396 1606 1418 11011
1630 1387 1810 1428 praevaluit
1833 1397 1887 1418 su-

258 1451 368 1482 perare
393 1439 568 1477 conflictus⁷
596 1449 675 1479 quos
698 1438 740 1470 ad
764 1438 834 1469 auri
858 1437 1100 1469 similitudinem
1124 1437 1264 1469 reddidit
1286 1437 1485 1469 flammarum
1509 1437 1704 1469 examinatio
1732 1438 1887 1479 pretiosos
1907 1450 1919 1468 ·.

259 1492 299 1523 ad
335 1490 539 1532 suscipienda
574 1490 726 1522 mandata
762 1489 881 1521 domini
910 1489 1042 1521 idoneos
1073 1489 1288 1530 apostolorum
1319 1498 1391 1520 esse
1422 1487 1575 1520 iudicavit
1604 1489 1734 1528 electio,
1773 1489 1887 1530 quibus

259 1542 447 1583 evangelica
480 1542 602 1574 semina
633 1541 784 1582 gentibus
808 1540 944 1572 serenda
969 1540 1190 1572 committeret.
1239 1540 1422 1580 Eleetisque
1445 1539 1523 1571 viris
1547 1540 1598 1572 dei
1623 1540 1832 1582 dispositione
1856 1544 1887 1572 et

259 1593 475 1636 providentia,
506 1593 617 1624 honori
645 1592 855 1624 decreverunt
883 1591 1104 1633 episcopatum
1128 1591 1322 1632 adiungere,
1350 1601 1413 1631 quo
1437 1590 1564 1623 facilius
1588 1601 1695 1624 eorum
1720 1591 1887 1633 praediea-

259 1646 398 1678 tionibus
431 1644 583 1685 adquisiti
614 1644 656 1676 ad
687 1643 899 1675 ministerium
923 1643 1005 1674 sacri
1030 1643 1280 1684 proveherentur
1302 1642 1424 1674 altaris
1478 1643 1535 1683 (11j
1567 1642 1615 1674 Ex
1639 1653 1701 1684 qua
1724 1642 1887 1675 confesso-

259 1707 326 1728 rum
358 1697 451 1728 turba
483 1698 626 1727 sanctum
650 1699 681 1727 et
704 1694 881 1727 venerandi
904 1694 1009 1726 meriti
1033 1694 1238 1726 satuminum
1262 1694 1397 1735 primum
1422 1703 1456 1725 se
1480 1694 1555 1725 urbs
1578 1694 1739 1725 Tolosana
1762 1704 1888 1735 prome-

260 1748 362 1780 ruisse
394 1747 515 1788 gaudet
545 1747 749 1788 episcopum7
787 1756 883 1787 quem
912 1745 1063 1787 impietas
1096 1745 1296 1787 peccantium
1329 1745 1517 1786 populorum
1548 1745 1774 1786 posterioribus
1806 1745 1887 1777 tauri

259 1798 367 1831 multis
402 1798 525 1830 funium
556 1798 692 1829 nexibus
724 1797 895 1838 inligatum
927 1797 1017 1829 dedit
1049 1797 1232 1838 capitulinis
1263 1796 1417 1836 gradibus
1447 1795 1662 1828 inlidendum.
1701 1797 1756 1828 ubi
1787 1797 1887 1829 saneti

259 1851 373 1891 capitis
404 1850 507 1881 soluta
538 1859 682 1890 conpage
715 1849 881 1881 cerebrum
904 1848 1081 1889 frequentis
1105 1847 1262 1879 inlisionis
1286 1847 1436 1889 dispersit
1459 1847 1589 1885 iniuria⁷
1626 1847 1683 1880 sed
1710 1848 1807 1880 talem
1838 1847 1888 1880 di-

260 1911 406 1933 ¹scensum
432 1901 561 1932 meliore
586 1900 731 1932 vehiculo
756 1899 798 1931 ad
822 1899 983 1931 dominum
1008 1903 1057 1932 est
1082 1902 1210 1931 secutus
1233 1908 1396 1931 ascensus.
1438 1898 1531 1930 Felix
1546 1898 1627 1930 tanti
1643 1899 1746 1931 meriti
1762 1903 1888 1931 tantae-

259 1963 320 1992 que
351 1952 476 1983 virtutis
509 1961 661 1992 persona,
697 1951 747 1983 eui
779 1961 967 1984 concessum
998 1955 1047 1983 est
1077 1950 1213 1992 primum
1245 1950 1406 1982 doctorem
1436 1959 1508 1982 esse
1537 1950 1583 1982 sic
1613 1954 1801 1992 martyrem.
1834 1950 1889 1991 qui
1909 1961 1938 1979 ..a

346 2098 444 2120 :to-:ll
471 2098 523 2120 l‘na
542 2100 568 2121 S.
585 2098 717 2121 Saturnini
736 2106 757 2120 e.
775 2100 789 2122 5
811 2097 936 2122 ῑἸιάιήιιτι,
960 2099 1022 2121 Acta
1042 2100 1116 2121 ηιιπι.
1137 2098 1173 2121 ed.
1191 2097 1248 2120 leat.
1266 2105 1290 2127 p.
1309 2098 1382 2126 15⁹2*
1411 2097 1535 2120 Postrema
1559 2097 1626 2119 enim
1646 2100 1714 2127 parte
1734 2097 1802 2120 runis
1821 2097 1888 2120 illius

260 2148 321 2171 quae
348 2142 376 2163 ad
403 2141 537 2170 posteriora
562 2142 625 2163 tauri
651 2141 729 2170 ipsius
757 2141 882 2164 defluebat
907 2141 985 2164 sancti
1013 2142 1060 2164 viri
1087 2141 1162 2171 pedes
1181 2140 1286 2169 inligant
1307 2143 1441 2170 actumque
1460 2139 1569 2163 stimulis
1587 2140 1721 2163 acrioribus
1739 2142 1840 2163 taurum
1858 2140 1888 2163 de

260 2184 380 2213 superiori
405 2184 516 2214 capitolii
542 2187 611 2213 parte
637 2184 662 2206 in
685 2184 760 2213 plana
780 2185 953 2213 praecipitant.
995 2184 1044 2207 Nec
1064 2190 1131 2207 mora
1149 2184 1214 2207 inter
1233 2184 1323 2214 primos
1343 2182 1479 2206 descensus
1497 2183 1576 2212 ipsius
1596 2183 1686 2212 gradus
1705 2183 1785 2213 capite
1804 2182 1889 2206 colliso

260 2227 407 2256 cerebroque
433 2233 538 2249 excusso
563 2230 589 2249 et
614 2227 679 2249 omni
708 2227 872 2250 membrorum
898 2231 967 2256 parte
992 2233 1091 2257 corpore
1117 2227 1236 2250 lacerato.
1265 2226 1367 2256 dignam
1393 2225 1438 2249 deo
1457 2226 1566 2249 animam
1586 2225 1701 2249 Christus
1720 2226 1833 2256 excepit,
1861 2229 1889 2248 ut

260 2276 333 2298 qnam
353 2276 394 2298 pro
415 2270 514 2292 nomine
534 2276 577 2292 suo
596 2270 704 2292 fideliter
723 2270 886 2293 dimicantem
906 2270 1040 2300 suppliciis
1059 2270 1126 2293 furor
1146 2269 1249 2298 gentilis
1268 2272 1407 2292 extorserat
1433 2269 1485 2292 suis
1510 2271 1565 2298 post
1590 2269 1719 2292 victoriam
1737 2269 1828 2292 laureis
1847 2274 1888 2292 eo·

260 2316 364 2335 ronaret.

349 2449 356 2470 l
382 2450 531 2471 restatione?
551 2449 572 2471 1*
718 2448 857 2481 andaciam]
877 2458 889 2473 e
909 2450 966 2472 odd.
985 2450 1005 2472 1¹
1153 2451 1220 2480 nime
1240 2449 1275 2472 ΡΙ
1426 2448 1440 2472 2
1460 2449 1532 2477 longo
1550 2449 1587 2471 vel
1608 2448 1680 2478 longe
1700 2448 1744 2474 1²¹,
1767 2449 1833 2477 longi
1853 2445 1888 2470 Ρ2

262 2491 275 2511 .“ι
295 2492 420 2514 ‹onir-etur
439 2491 460 2513 P
571 2493 586 2514 6
607 2492 748 2515 formidabit
769 2492 790 2514 P
894 2493 1002 2515 famulus
1025 2493 1045 2515 P
1161 2492 1189 2515 13
1210 2493 1311 2515 famulis
1332 2492 1353 2515 P
1460 2491 1488 2515 14
1509 2492 1647 2522 patrocinio
1667 2490 1688 2513 P
1794 2490 1823 2513 17
1842 2496 1888 2513 ex-

262 2532 391 2565 plimnms]
420 2535 523 2563 explicit
551 2536 663 2564 prefatio.
696 2536 786 2565 incipit
812 2536 894 2565 passio
914 2537 992 2558 saneti
1014 2536 1115 2559 dionisii
1135 2542 1189 2558 cum
1209 2535 1282 2558 sociis
1302 2536 1355 2558 suis
1376 2535 1463 2558 rustici
1482 2538 1506 2557 et
1526 2534 1659 2557 eleutherii
1679 2539 1725 2556 vn.
1747 2533 1804 2556 idus
1822 2524 1885 2559 oct—b:

261 2576 318 2598 wlrl.
337 2576 360 2599 1¹.
384 2577 450 2606 expl.
474 2577 595 2607 prologus.
618 2578 707 2607 incipit
728 2580 810 2609 passio
830 2578 864 2602 ese—1
885 2578 987 2602 dionisii
1008 2579 1052 2602 mr.
1074 2578 1132 2601 mid.
1151 2578 1171 2606 Q
1288 2577 1318 2601 19
1337 2584 1411 2607 quam
1431 2577 1452 2600 P
1564 2575 1596 2600 2⁴
1616 2577 1661 2600 hoe
1682 2575 1749 2598 P¹M
1849 2582 1890 2598 se-

263 2626 344 2647 pvrarn·
365 2620 490 2642 vonllietos
511 2619 548 2642 illl
666 2620 697 2643 25
717 2622 780 2650 qnod
803 2621 824 2643 P
938 2621 968 2644 27
990 2621 1164 2651 dispositionis
1183 2621 1340 2651 prouidentia
1361 2619 1389 2643 M
1492 2618 1524 2642 25
1543 2619 1635 2642 honore
1655 2617 1698 2647 ΡΞ,
1721 2618 1813 2642 bonor·
1834 2617 1887 2646 (ho-

263 2667 312 2682 nv·r1
336 2660 376 2683 Μ’·1
408 2662 573 2685 decreuerunt
593 2664 749 2693 episcopatus
773 2664 811 2686 illl
918 2671 966 2694 que
987 2664 1021 2686 1¹¹
1130 2664 1162 2687 30
1182 2663 1323 2686 ueneranda
1345 2662 1387 2685 Ml
1493 2662 1590 2685 meritis
1610 2661 1640 2685 1²¹
1746 2661 1887 2684 tholosanae

265 2703 303 2724 Μ’
411 2704 441 2726 32
462 2705 627 2728 inludendum
651 2705 681 2727 1’ι
790 2707 820 2729 33
843 2707 948 2729 iniuria·
973 2706 998 2728 Μ
1104 2706 1135 2729 34
1155 2704 1195 2738 ad]
1213 2713 1276 2729 eras.
1295 2705 1321 2728 M
1425 2705 1457 2728 :55
1476 2711 1581 2735 persone
1603 2706 1636 2734 (et
1655 2709 1782 2734 summer-l
1805 2704 1886 2726 uinu-

263 2747 294 2767 ti*
327 2747 363 2768 nir
383 2748 407 2768 in
427 2747 501 2769 litum
524 2755 565 2769 υτ,
602 2747 626 2769 Μ
732 2748 782 2779 eui}
803 2751 827 2771 in
848 2757 895 2778 my.
918 2749 975 2773 odd.
996 2749 1021 2771 M
1126 2746 1172 2780 sic]
1193 2748 1225 2773 Μ.
1248 2749 1326 2771 sancti
1350 2748 1371 2771 P
1475 2748 1518 2777 qui
1537 2745 1613 2779 qnod]
1635 2746 1667 2770 Μ.
1691 2745 1808 2776 quicquid
1828 2745 1849 2769 1²

1908 678 1935 698 ¹1·

1906 934 1935 954 ¹5

1908 1705 1937 1724 :⁴0
