2038 3036
186 951 261 981 xlll

182 1929 255 1960 xlv

293 139 311 167 (ς
898 134 1063 161 VENAN'I‘I
1085 134 1303 161 FORTVNATI

293 231 390 262 tilium
415 242 475 261 nvn
502 230 647 262 habebat.
677 229 841 270 provoluta
865 229 906 259 ad
930 228 1028 269 pedes
1052 228 1154 259 sancti
1180 229 1297 260 IIilarii
1321 229 1586 271 praecedentibus
1611 231 1751 262 lacrimis
1775 232 1841 263 nati
1864 232 1913 264 sui

291 292 404 322 eorpus·
428 281 538 312 etl'udit
562 281 763 311 exclamans:
791 280 945 310 Martinus
969 279 1074 310 adlme
1098 279 1257 320 inprIcns
1279 281 1534 313 cathecuminum
1559 286 1714 313 mortuum
1738 283 1910 320 revocavit,

291 338 322 363 tu
355 333 493 373 pontifex
527 331 640 364 redde.
675 341 764 370 rugo.
800 331 898 361 tilium
927 335 982 362 aut
1005 330 1080 361 mihi
1105 335 1160 362 aut
1183 331 1359 372 baptismo:
1391 333 1444 373 qui
1469 333 1578 374 populi
1602 338 1694 375 pater
1715 335 1909 374 agnosceris,

292 389 321 414 ut
348 389 446 414 mater
469 395 528 423 ego
553 393 645 413 vocer
668 383 822 413 obtineas.
878 385 923 419 (ΙΙ
965 382 1017 413 sie
1041 382 1097 413 illa
1117 382 1188 423 plus
1206 383 1345 415 lacrimis
1363 388 1490 425 petente
1506 395 1600 425 quam
1618 385 1723 417 verbis
1739 390 1913 418 commotus

291 435 336 464 iir
365 434 414 464 dei
447 438 610 474 spei-tante
644 434 760 474 populo
789 433 830 464 ad
860 436 1011 465 consueta
1044 443 1132 465 arma
1162 444 1325 466 recurrens
1354 435 1386 466 iu
1416 439 1531 467 terram
1564 437 1781 477 prosternitur.
1838 438 1912 469 Mox

290 485 440 526 paulatim
465 485 605 516 defuncti
631 485 732 526 pallor
756 485 787 515 in
813 485 955 516 ruborem
981 485 1190 518 convertitur.
1220 486 1336 527 frigida
1361 487 1501 518 membra
1525 492 1671 520 revocato
1695 488 1806 530 spiritu
1831 489 1913 521 inte-

290 542 430 576 pescunt.
457 536 538 567 ‹ni-iili
563 536 683 577 apertis
708 536 880 577 palpebrae
906 536 1009 567 ianuis
1034 537 1236 577 peregrinum
1261 538 1367 569 lumen
1392 543 1580 578 agnoscunt.
1608 550 1669 571 vox
1685 539 1822 572 adducto
1838 550 1912 572 aere

287 587 326 618 de
352 587 486 628 pectoris·
510 587 669 618 domicilio
693 586 828 618 conflata
854 588 1025 628 profertur.
1052 598 1182 628 gressus
1206 589 1273 620 suis
1298 589 1442 630 vestigiis
1468 590 1630 622 redivivus
1653 591 1852 628 extenditur,
1880 591 1911 623 in

286 639 441 669 anteriore
466 638 671 670 fundamento
695 642 762 669 tota
786 639 905 670 fabrica
923 644 1103 671 renovatur.
1158 642 1216 680 (15)
1246 640 1329 678 Quid
1347 641 1461 681 plura?
1494 642 1631 673 Tamdiu
1646 642 1747 674 iacuit
1763 643 1912 674 sacerdos

287 690 316 720 in
342 690 481 731 pulvere,
510 690 610 721 donee
635 690 752 731 pariter
774 695 950 731 surgerent.
979 701 1077 722 senex
1102 691 1141 723 de
1165 692 1307 723 oratione
1330 692 1436 723 infans
1455 692 1494 724 de
1512 696 1620 725 morte.
1661 693 1742 726 Ecce
1760 694 1825 726 vita
1842 694 1912 726 lau-

286 741 416 774 dabilis.
452 752 533 782 quae
558 742 596 773 ‹le
621 742 752 773 alterius
777 752 905 783 corpore
930 753 1039 774 necem
1064 743 1212 784 precibus
1236 743 1405 784 effugavit,
1442 744 1592 786 spoliavit
1615 747 1787 784 tartarum,
1821 756 1910 787 spem

287 792 407 824 liabens
431 793 470 824 de
495 793 629 824 vlu-isto.
678 794 760 824 Mors
784 794 827 825 ibi
851 794 922 825 iura
945 805 1006 825 non
1030 794 1132 826 tenuit
1155 795 1209 826 ubi
1233 795 1374 826 lIiIarius
1398 795 1461 826 vim
1485 796 1636 828 orationis
1660 800 1709 828 est
1731 797 1907 837 ingressus.

286 844 348 875 ¹<ed
380 849 467 876 tanta
498 856 546 876 res
572 856 631 876 non
657 850 760 886 potest
783 846 899 877 nostris
924 846 1029 878 verbis
1053 846 1124 887 plus
1148 847 1252 877 ornari
1276 857 1371 887 quam
1395 848 1527 879 meritis.
1579 848 1669 880 Nunc
1692 858 1766 880 vero
1790 859 1911 880 memo-

286 896 417 927 randum
443 901 490 928 cst
513 897 597 937 quod
622 908 718 938 snpra
742 898 954 938 promisimus,
982 898 1120 938 qualiter
1143 898 1296 930 miracula
1320 899 1444 939 reliqua
1467 899 1526 931 hoc
1549 899 1701 931 miraculo
1721 900 1906 932 cumulavit.

394 950 433 986 Ιιῐῇ
465 948 610 988 Denique
635 959 704 979 eum
730 949 948 980 beatissimam
973 950 1091 980 Abram
1115 950 1213 981 filiani
1239 960 1337 987 suamy
1370 951 1412 982 ad
1435 961 1530 991 quam
1555 951 1594 982 de
1618 951 1714 983 exilio
1737 951 1910 983 destinavit

285 999 463 1039 epistolam.
493 1000 677 1031 nivolonum
703 1001 755 1031 ini
758 1001 886 1033 enissct.
915 1001 1086 1041 alloquitur
1109 1002 1266 1042 quomodo
1291 1006 1415 1043 poterit
1437 1002 1573 1034 dulcedo
1596 1003 1696 1044 patris
1713 1007 1744 1034 et
1760 1002 1910 1034 facundia

284 1051 425 1082 ora-ituris.
474 1051 557 1088 Quid
589 1051 716 1082 dicam!
749 1053 922 1093 alloquitur
946 1053 1101 1091 Hilarum,
1137 1053 1227 1085 cuius
1258 1053 1460 1094 eloquentiae
1491 1058 1561 1095 post
1592 1054 1695 1095 ipsum
1727 1064 1909 1112 comparare

283 1102 418 1142 aliquem
450 1102 504 1133 iix
535 1103 688 1134 uidemus
712 1103 772 1134 nisi
797 1103 852 1143 qui
876 1103 936 1135 fuit
958 1104 1070 1145 spiritu
1095 1104 1202 1136 divino
1226 1105 1381 1146 repletus:
1414 1108 1574 1146 temptans
1597 1106 1665 1137 eius
1689 1105 1861 1146 animum,
1881 1105 1908 1137 si

283 1164 320 1185 ιι
326 1154 360 1185 lit
376 1164 524 1195 sponsum
543 1155 647 1195 ·1ttin‹
649 1165 712 1187 cr.e
740 1165 833 1196 quem
851 1166 882 1197 p
873 1156 950 1187 itus
966 1156 1070 1196 gratia
1086 1156 1277 1197 prov.ideret
1327 1157 1353 1197 (4
1359 1158 1387 1197 7)
1416 1157 1506 1188 Tunc
1521 1157 1657 1189 libenter
1672 1157 1909 1189 desideranter-

281 1215 342 1245 que
367 1210 400 1236 ut
425 1206 570 1237 celeriter
593 1207 620 1238 ei
639 1207 823 1247 iungeretur
838 1207 980 1248 optabat.
1022 1208 1124 1245 Quam
1142 1208 1337 1240 voluntatem
1356 1212 1446 1249 pater
1461 1208 1533 1250 pius
1551 1218 1740 1249 agnoscens,
1767 1209 1907 1241 intentus
1927 1221 1932 1226 ·

282 1257 475 1288 orationibus
505 1269 566 1289 non
597 1259 752 1298 cessavit,
787 1259 888 1291 donec
918 1259 986 1291 sine
1018 1259 1142 1299 dolore,
1177 1259 1246 1291 sinc
1278 1260 1425 1300 contagio
1455 1260 1494 1291 dc
1525 1260 1686 1301 praesenti
1709 1260 1775 1292 filia
1799 1261 1908 1292 mundi

283 1308 417 1339 ludibrio
440 1309 593 1349 migraret
615 1310 657 1341 ad
681 1310 858 1342 Christum:
887 1321 982 1351 quam
1007 1311 1141 1352 propriis
1166 1311 1324 1351 manibus,
1352 1315 1385 1343 ut
1408 1311 1525 1351 decuity
1552 1312 1754 1344 venerandae
1777 1312 1909 1344 tradidit

282 1360 475 1401 sepulturae.
530 1362 589 1401 ,45)
618 1362 644 1393 0
670 1362 789 1393 funeris
813 1362 933 1403 gloria.
963 1373 1046 1403 quae
1070 1363 1183 1395 melior
1206 1363 1341 1395 habetur
1363 1373 1458 1404 quam
1481 1363 1564 1399 vita.
1599 1364 1673 1404 quia
1697 1363 1781 1404 quod
1805 1367 1907 1396 terrae

282 1412 445 1453 subripuit,
474 1413 507 1443 in
531 1413 620 1444 caelo
644 1414 836 1446 transmisit!
876 1415 968 1453 Vere,
996 1418 1030 1446 ut
1053 1425 1112 1455 ego
1137 1415 1314 1453 considero,
1342 1415 1414 1456 plus
1438 1414 1498 1446 fuit
1520 1425 1614 1456 quam
1639 1415 1832 1454 resuscitari,
1861 1415 1907 1447 sic

281 1463 369 1494 mori.
419 1464 513 1496 Cena
542 1465 625 1496 enim
654 1466 742 1497 salus
773 1469 822 1497 est
852 1476 914 1497 non
937 1466 1145 1498 contaminari
1169 1467 1321 1507 peccatis.
1370 1466 1489 1504 Quanti
1513 1470 1683 1508 cuperent,
1717 1467 1811 1499 rebus
1835 1477 1906 1498 cum

280 1515 344 1546 vita
367 1516 501 1547 traditis.
530 1517 626 1548 taleni
651 1517 818 1549 transitum
843 1528 1035 1559 comparare,
1065 1519 1091 1550 si
1108 1522 1314 1551 mercatorem
1332 1518 1464 1550 forsitan
1480 1518 1680 1550 invenirent?
1709 1517 1795 1555 Quid
1810 1518 1907 1550 distat

279 1567 360 1598 inter
388 1568 538 1600 vivificati
570 1569 701 1600 infantis
731 1573 763 1601 et
786 1569 872 1602 filiae
897 1570 1104 1601 mortificatae
1128 1571 1338 1611 mysterium?
1375 1571 1469 1602 Illum
1494 1570 1696 1602 resuscitavit
1719 1569 1761 1601 ad
1785 1570 1907 1611 baptis-

280 1628 375 1650 mum.
403 1619 483 1651 hanc
508 1620 759 1661 praedestinavit
782 1621 823 1653 ad
848 1632 990 1662 regnum,
1019 1622 1081 1653 nisi
1104 1622 1188 1663 quod
1212 1622 1244 1653 in
1267 1622 1322 1653 illo
1346 1622 1452 1654 adhuc
1476 1632 1550 1663 spes
1573 1621 1728 1663 peccandi
1750 1622 1902 1655 restabat.

281 1670 358 1701 haec
381 1670 583 1703 immaculata
606 1673 741 1704 finierat.
795 1675 855 1713 (49)
884 1673 976 1711 Quod
1001 1684 1070 1705 cum
1094 1673 1231 1705 vidisset
1253 1677 1354 1705 mater
1376 1674 1490 1705 beatae
1507 1674 1612 1705 Abrae
1635 1683 1655 1704 a
1678 1673 1825 1714 pontifice
1849 1683 1906 1715 po-

280 1722 385 1753 stulat.
414 1726 447 1753 nt
471 1727 501 1754 et
524 1723 596 1764 ipsa
620 1725 645 1755 si
670 1729 844 1757 mereretur
867 1729 977 1766 erepta
1000 1725 1040 1757 de
1057 1725 1167 1757 mundi
1185 1725 1315 1757 crimine
1332 1735 1403 1757 cum
1419 1725 1486 1756 filia
1502 1728 1760 1766 praesentaretur
1773 1724 1816 1756 ad
1831 1735 1905 1766 reg—

280 1783 364 1804 num.
407 1774 505 1805 Cuius
529 1779 602 1807 vota
626 1776 831 1808 considerans
855 1776 987 1808 assidua
1010 1777 1153 1808 oratione
1177 1780 1209 1808 et
1231 1777 1335 1817 ipsam
1360 1780 1433 1808 ante
1458 1786 1492 1808 se
1509 1776 1684 1808 transmisit
1698 1775 1739 1808 ad
1755 1776 1902 1817 gloriam.

284 1826 341 1864 (50)
372 1826 450 1863 Quis
473 1827 696 1859 aestimaturus
720 1832 777 1868 cst,
805 1829 902 1860 talem
924 1828 1026 1860 virum
1046 1829 1091 1860 ita
1107 1828 1261 1860 dilexisse
1279 1828 1452 1869 dominum.
1480 1828 1623 1869 coniugis
1640 1832 1671 1860 et
1686 1827 1772 1860 filiae
1788 1829 1905 1860 affectu

279 1881 479 1919 contempto?
516 1879 636 1911 Tamen
662 1879 693 1911 in
717 1880 776 1911 hoc
800 1880 903 1921 magis
926 1880 1000 1911 illas
1023 1890 1150 1912 amasse
1175 1880 1385 1921 cognoscitur,
1413 1890 1483 1912 cum
1507 1890 1564 1921 per
1579 1879 1685 1921 ipsum
1702 1879 1813 1911 lumini
1830 1891 1904 1921 per-

280 1932 373 1968 petuo
403 1930 646 1962 transferuntur.
694 1932 772 1969 Quis
803 1942 878 1963 vcro
906 1931 1135 1963 abundantiam
1159 1932 1293 1973 rigantis
1316 1932 1437 1972 ingenii
1461 1931 1630 1963 contendat
1654 1931 1818 1971 evolvere,
1850 1935 1906 1964 aut

279 1980 347 2010 eius
378 1981 475 2012 verba.
505 1982 608 2013 verbis
639 1983 745 2014 valcat
774 1988 977 2024 exaequare?
1021 1982 1166 2020 Qualiter
1194 1984 1249 2015 ille
1280 1983 1437 2015 indivisae
1463 1983 1613 2015 trinitatis
1638 1983 1734 2014 libros
1758 1983 1830 2014 stilo
1853 1986 1904 2015 tu-

279 2035 382 2062 mente
413 2034 587 2065 contexuit.
622 2038 677 2065 aut
706 2035 894 2076 scripturam
919 2035 1057 2067 Daritici
1087 2035 1237 2067 carminis
1269 2045 1414 2067 sermone
1437 2038 1601 2066 coturnato
1624 2044 1681 2075 per
1703 2034 1831 2075 singula
1853 2045 1904 2067 re—

279 2083 397 2114 seravit
407 2087 418 2114 2'
468 2086 525 2125 251>
554 2086 654 2123 Quam
681 2086 739 2118 suit
758 2086 790 2117 in
807 2087 996 2119 dissertione
1013 2087 1174 2128 providus⁷
1203 2086 1237 2118 in
1253 2089 1388 2118 tractatu
1404 2086 1593 2128 profundus,
1621 2096 1677 2127 per
1693 2085 1902 2118 litteraturam

279 2134 447 2174 eloquens,
476 2146 531 2177 per
555 2137 701 2168 virtutem
725 2138 899 2177 mirabilis,
925 2138 957 2169 in
982 2138 1254 2179 complexionibus
1278 2138 1464 2179 multiplex,
1492 2138 1524 2169 in
1547 2137 1739 2169 resolutione
1763 2137 1899 2177 subtilis,

278 2190 401 2217 astutus
424 2187 512 2218 iuxta
538 2188 723 2229 prophetam
748 2193 781 2220 ut
805 2199 953 2231 serpens,
982 2190 1146 2221 columbae
1171 2190 1326 2231 simplicis
1349 2189 1485 2230 gratiam
1509 2199 1570 2220 non
1594 2188 1757 2228 amittens,
1784 2188 1903 2220 conditi

279 2238 326 2268 sal
361 2238 496 2278 ingenii.
537 2240 606 2271 t'ons
637 2241 803 2281 loquendi,
841 2241 1010 2273 thesaurus
1041 2241 1211 2281 scientiae,
1250 2241 1304 2272 lux
1335 2240 1514 2278 doctrinae,
1553 2239 1702 2272 defensor
1730 2240 1898 2281 eeclesiae,

366 2394 379 2416 2
400 2394 588 2417 ‹vathecnnrinns
615 2395 632 2416 I*
747 2398 761 2419 :3
782 2396 871 2429 fllium]
891 2405 973 2420 meum
994 2397 1052 2420 add.
1073 2398 1092 2420 V
1196 2397 1210 2420 5
1231 2399 1384 2427 expentante
1410 2396 1429 2418 1·
1531 2399 1596 2419 terra
1619 2396 1639 2419 V
1741 2396 1755 2419 6
1775 2397 1862 2420 rubore
1885 2395 1904 2418 V

279 2439 293 2456 s
313 2436 374 2469 suis]
396 2444 442 2460 om.
463 2438 481 2459 V
584 2440 726 2461 ostenditur
744 2440 762 2462 Γ
868 2440 898 2464 12
917 2439 958 2473 ‹Iej
981 2442 1005 2463 In
1024 2441 1042 2463 i·
1147 2443 1184 2463 est
1198 2438 1338 2472 ingressus]
1358 2440 1461 2468 ingessit
1476 2439 1521 2470 (V)
1632 2439 1660 2462 13
1680 2439 1763 2462 uerbis
1777 2439 1866 2462 nostris
1883 2438 1902 2461 V

284 2480 310 2502 II
335 2480 477 2503 miraculum
499 2481 516 2503 V
624 2481 651 2504 Ιῖ)
671 2484 910 2513 apramplernrnque
928 2484 947 2506 V
1053 2483 1082 2506 ls
1103 2484 1178 2506 fuerit
1193 2483 1237 2512 (V)
1339 2480 1438 2514 diuino]
1456 2485 1540 2506 sancto
1560 2482 1578 2505 V
1684 2481 1713 2505 19
1734 2482 1810 2505 uellet
1823 2481 1864 2511 (V)

281 2524 423 2552 proninlebnt
442 2525 460 2546 t*
563 2525 591 2548 21
615 2526 645 2548 de
659 2526 783 2556 praesenti
799 2525 860 2558 tilia]
874 2534 900 2549 se
915 2530 1044 2556 praesente
1060 2527 1110 2549 ulia
1123 2527 1153 2549 de
1168 2527 1255 2549 mundi
1272 2526 1314 2556 (Γ)
1414 2523 1552 2557 praesenti]
1567 2525 1596 2547 (ι’1
1703 2524 1735 2548 2¹2
1755 2525 1866 2548 ludibriis
1883 2524 1903 2547 V

279 2566 308 2588 21
330 2566 405 2598 rai-lo}
428 2570 447 2589 li
569 2570 604 2592 si«-
626 2570 684 2591 mori
705 2576 776 2598 quam
798 2570 944 2592 resuscitare
969 2570 987 2592 V
1113 2569 1144 2592 211
1165 2570 1323 2592 inuenissent
1347 2568 1365 2591 V
1486 2568 1518 2592 29
1536 2576 1550 2591 a
1569 2566 1697 2600 pontifice]
1716 2568 1858 2598 pontificem
1882 2567 1902 2591 V

280 2610 310 2629 350
330 2611 349 2631 si
371 2609 514 2642 mercretur}
533 2612 567 2633 sic
586 2611 604 2633 Γ
706 2613 736 2633 33
757 2612 846 2634 lumini
867 2610 1000 2644 perpetuo]
1019 2612 1048 2634 ad
1069 2612 1154 2634 lumen
1177 2615 1326 2642 perpetuum
1345 2611 1365 2634 V
1467 2611 1498 2634 34
1519 2611 1643 2640 irrigantis
1664 2611 1684 2634 V
1786 2610 1817 2634 35
1837 2617 1898 2641 qua-

279 2651 334 2673 liter
353 2665 385 2668 ἡ
406 2653 436 2675 37
457 2653 587 2685 prunidus}
612 2655 718 2684 qnaliter
744 2655 786 2677 ille
811 2656 885 2677 libros
910 2658 993 2678 eontra
1016 2655 1061 2677 arii
1082 2655 1208 2684 perfidiam
1229 2655 1412 2684 promulgauit,
1439 2654 1559 2684 quomodo
1578 2654 1669 2677 librum
1688 2654 1837 2684 psalmorum
1856 2661 1899 2684 per

279 2695 374 2718 sii-enlm
394 2697 536 2719 rothnrnato
555 2705 666 2720 sermone
686 2698 832 2726 reseruauit,
855 2699 880 2720 in
902 2698 1045 2726 hymnorum
1067 2698 1142 2720 etiam
1163 2698 1237 2720 suerit
1257 2698 1409 2720 dissertione
1429 2701 1529 2727 paratus
1553 2697 1571 2719 Y
1691 2697 1722 2720 ³5
1742 2695 1794 2729 ille]
1812 2704 1859 2720 om.
1881 2696 1900 2719 V

279 2738 310 2758 3:⁸5
330 2739 419 2767 -vripta
440 2739 468 2759 Τ
608 2744 740 2763 eotnrnano
764 2741 783 2762 Υ
921 2741 952 2763 39
972 2739 1128 2772 prophetam]
1148 2741 1221 2763 immo
1241 2741 1351 2770 prudens
1370 2741 1441 2764 iuxta
1460 2741 1554 2763 domini
1574 2747 1658 2763 uocem
1677 2740 1734 2762 add.
1756 2740 1841 2769 vu19.;
1860 2738 1894 2768 cf.

281 2780 364 2802 Alaun.
391 2783 427 2809 ln,
454 2783 498 2803 m:
520 2783 653 2811 prudentes
674 2784 737 2805 sient
758 2789 886 2813 serpentes

1934 449 1946 467 ἶ»

1935 704 1961 723 lo

1932 962 1960 981 ¹5

1926 1476 1956 1497 2⁵

1925 1735 1954 1755 ³⁰

1923 1993 1953 2013 3⁵

1920 2250 1950 2270 40
