2038 3036
274 144 312 172 55
577 138 770 165 orvscvm
793 136 982 163 x'rtxAN'rio
1003 133 1228 161 F«,·RTva'r(›
1248 133 1351 160 MALE
1370 134 1592 161 ATTRIBVTA

275 236 412 275 miroque
439 241 565 275 repente
591 232 682 263 modo
706 231 894 262 indurantur
918 229 1020 269 magis
1044 227 1182 260 flammis
1205 228 1312 269 pisces
1327 229 1398 269 lege
1415 233 1535 260 mutata
1551 233 1684 261 naturae
1700 233 1732 261 et
1746 229 1898 262 intracta-

275 288 353 318 biles
378 286 510 325 durique
535 293 647 314 seusus
673 283 750 313 tanti
775 282 914 312 novitate
939 280 1083 311 miraculi
1108 279 1301 311 molliuntur.
1356 282 1415 320 {3⁰¹
1444 280 1571 312 Interea
1594 280 1713 312 milites
1731 281 1774 312 ad
1790 290 1897 313 sacer—

273 338 376 369 don-m
412 341 616 366 ‹·1›11clll'l·llllt.
659 333 782 374 direpta
818 333 972 363 referunt.
1016 331 1153 371 genibus
1188 331 1382 370 adbaerent,
1424 331 1551 363 veniam
1587 331 1737 364 facinoris
1771 336 1893 373 petunt.

276 388 410 426 lcunseit
436 397 523 417 mens
549 386 666 426 pictate
691 383 936 425 promptissima.
965 382 1064 414 donat
1087 382 1134 414 cis
1158 383 1277 414 crimen
1302 392 1372 414 eum
1398 383 1554 424 piscibus:
1583 393 1656 414 mox
1673 393 1755 424 qnae
1771 383 1897 424 direpta

274 440 348 470 tiu-is·
386 439 570 468 interm-rata
606 436 798 467 durau-eraut
833 433 968 465 llauuuis
1003 433 1126 465 reddita
1161 433 1360 466 edomantur.
1426 435 1483 473 2331)
1520 434 1578 466 Hie
1610 434 1723 466 beatus
1755 435 1898 476 pontifex
1919 445 1930 462 :.

271 490 410 520 oratioue
441 487 641 518 sanctissima
670 486 754 527 plebi
781 485 902 516 ferendi
927 485 1149 516 necessitatem
1174 485 1326 523 iniuriae,
1360 485 1514 517 militibus
1537 485 1798 517 consuetudinem
1823 486 1898 518 abs-

272 541 339 571 tulit
369 538 531 577 iuliis-*endi
566 538 744 578 pariterque
777 536 934 568 ultricium
965 536 1014 568 vis
1043 536 1183 568 extincta
1213 536 1411 568 flammarum
1443 541 1475 568 et
1498 537 1680 569 emendatio
1703 537 1836 569 militum
1861 548 1897 570 ac

273 591 377 632 pupuli
405 590 470 621 fuit.
522 589 696 620 l’racelaris
721 588 933 628 gloriosisque
958 587 1060 628 signis
1084 587 1242 629 stupenda
1268 587 1453 619 succedunt.

374 644 411 672 :32
452 641 525 671 Erat
549 650 674 679 nanque
699 640 729 670 iu
755 639 820 670 foro
844 639 875 670 in
899 639 1004 670 altiori
1029 638 1140 670 baside
1165 639 1308 670 eminens
1332 639 1568 673 simulachrum,
1600 639 1684 680 quod
1708 639 1756 671 vir
1778 640 1899 672 beatis-

273 695 370 724 simus
398 693 466 724 zelo
491 692 590 723 divini
614 691 730 722 auroris
753 700 907 722 aecensus
932 690 1047 722 deiecit
1070 695 1165 731 atque
1189 690 1355 731 confregit.
1403 690 1439 721 In
1465 691 1616 722 ultionem
1641 691 1737 732 igitur
1759 692 1898 723 numinis

272 746 319 775 <ui
345 744 520 781 sacrilegae
545 743 647 783 plebis
672 742 841 773 multitudo
865 742 1028 782 consurgit
1050 752 1088 773 ac
1112 741 1299 782 limphatico
1323 742 1427 773 furore
1451 751 1605 774 succensa
1627 752 1779 784 praesens
1796 743 1899 775 bella-

272 797 328 827 tori
361 795 476 827 Christi
513 795 674 825 minitatur
709 793 853 825 exitium.
928 795 975 832 33ss
1011 793 1075 824 Sed
1110 792 1157 824 vir
1191 793 1396 824 beatissimus
1425 797 1556 825 mortem
1587 803 1648 825 non
1679 794 1784 826 timuit
1814 794 1898 826 w'tae

272 857 389 878 aiuure.
440 846 550 886 Neque
581 845 663 876 euim
693 846 742 876 fas
766 849 833 876 erat
858 844 1064 876 fortissimum
1090 844 1277 876 bellatorem
1302 848 1504 885 praesentem
1528 845 1639 877 timere
1664 850 1811 885 mortem,
1844 846 1899 887 qui

272 900 332 930 iam
357 904 518 929 aeternam
544 896 757 937 praesentium
782 906 886 928 rerum
910 899 1093 936 contemptu
1118 896 1308 927 calcaverat.
1358 896 1469 936 Itaque
1493 896 1584 937 plebs
1608 897 1704 928 misso
1727 907 1793 929 rem
1817 907 1900 929 nun-

272 951 313 981 tio
331 951 396 980 viro
414 949 538 981 cuidam
557 948 669 979 defert.
699 947 751 988 qni
769 951 837 979 erat
853 947 910 978 illo
926 951 1067 988 tempore
1085 947 1239 978 natalium
1256 947 1436 988 splendore.
1465 947 1594 987 honore,
1622 948 1743 989 tytulis7
1771 948 1894 990 opibus,

271 1001 456 1032 anctoritate
482 1000 594 1031 ceteris
619 1000 712 1039 longe
737 999 958 1040 praestantior.
1023 1000 1073 1039 3³1)
1102 998 1267 1030 contrahit
1291 999 1341 1030 hic
1365 999 1560 1031 servulorum
1585 999 1717 1037 solatia,
1750 999 1826 1031 sede
1848 999 1900 1031 in-

273 1057 380 1084 vectus
412 1052 511 1083 curuli
543 1051 651 1082 urbem
683 1050 827 1091 protinus
859 1050 947 1091 petit.
998 1050 1036 1081 Et
1067 1049 1131 1081 iam
1163 1059 1312 1082 emensus
1335 1050 1410 1089 iter⁷
1447 1050 1516 1082 dira
1540 1050 1679 1082 fremens
1703 1054 1734 1082 et
1757 1055 1899 1083 extrema

273 1104 435 1134 minitans.
473 1103 541 1134 urbi
573 1102 694 1133 tulerat.
750 1103 803 1132 ,¹:35¹
838 1101 873 1132 In
904 1101 1009 1133 medio
1033 1105 1138 1133 tamen
1162 1105 1271 1142 portae
1295 1101 1399 1142 pridie
1423 1101 1536 1133 beatus
1560 1102 1702 1143 pontifex
1726 1103 1899 1134 orationem

271 1155 311 1185 ad
344 1154 503 1185 domiuum
535 1158 636 1185 terrae
668 1156 844 1194 prostratus
876 1152 1012 1184 fuderat.
1061 1152 1130 1190 Quo
1157 1152 1191 1184 in
1214 1153 1283 1184 loco
1307 1153 1384 1184 miro
1408 1156 1537 1194 stupore
1563 1154 1696 1185 haesere
1720 1153 1846 1195 biiuges
1869 1157 1900 1186 et

274 1214 304 1237 nt
336 1205 534 1237 insensibilia
566 1205 691 1245 riguere
723 1203 927 1235 simulachra.
977 1204 1030 1235 Nil
1061 1207 1161 1245 agunt
1192 1204 1330 1237 stimuli.
1364 1204 1409 1235 nil
1439 1205 1573 1236 verbera
1597 1215 1695 1237 saeva
1718 1205 1896 1246 proficiunt.

288 1260 325 1285 :315
365 1258 441 1288 Cum
474 1260 578 1288 autem
609 1256 656 1286 vir
686 1256 740 1287 ille
772 1255 907 1296 insignis
940 1255 1085 1286 miraculi
1116 1256 1257 1287 novitate
1287 1256 1452 1297 perculsus
1485 1255 1526 1287 ad
1554 1256 1772 1288 beatissimum
1797 1256 1898 1288 virum

274 1319 365 1340 11110111
391 1319 430 1340 ex
454 1308 643 1339 necessariis
667 1307 795 1339 mittens
819 1310 919 1347 rogat,
947 1311 982 1338 ut
1005 1307 1059 1348 pia
1082 1317 1154 1339 eum
1178 1307 1320 1339 oratione
1343 1307 1525 1339 absolveret
1547 1317 1641 1348 quem
1664 1308 1787 1339 meritis
1807 1308 1899 1348 quasi

274 1360 405 1391 vinculis
435 1359 615 1396 nexuisset,
649 1358 735 1390 hand
766 1368 853 1390 mora
877 1357 1027 1390 sacerdos
1051 1358 1198 1397 advenit,
1233 1362 1382 1400 carpento
1406 1358 1600 1398 devolvitur,
1636 1363 1819 1400 persecutor
1840 1359 1900 1391 ad-

273 1412 380 1442 haeret
404 1411 504 1442 saneti
528 1410 674 1451 genibus.
702 1410 784 1450 rigat
804 1409 905 1451 pedes
923 1409 1071 1441 lacrimis.
1100 1413 1265 1451 peccatum
1282 1409 1409 1449 fatetur,
1437 1410 1516 1451 petit
1532 1410 1697 1442 auxilium.
1752 1412 1809 1451 [373
1839 1411 1900 1443 Vix

273 1463 367 1494 verba
392 1463 606 1503 compleverat
631 1466 661 1492 ct
685 1461 837 1492 animalia
861 1471 942 1502 quae
966 1464 1000 1492 ut
1023 1461 1121 1493 durae
1146 1465 1256 1493 cautes
1279 1461 1444 1502 riguerant
1466 1462 1600 1494 caelitus
1623 1466 1751 1504 recepta
1775 1462 1901 1494 mobili-

272 1521 334 1545 tate
360 1514 539 1555 praeceptis
563 1513 732 1546 obediunt.
769 1512 907 1553 dumque
932 1513 1051 1544 sanctis
1075 1513 1271 1544 orationibus
1294 1517 1409 1544 natura
1432 1523 1515 1545 nunc
1538 1517 1694 1552 mutatur,
1721 1524 1804 1545 nunc
1828 1513 1901 1546 red-

273 1565 367 1597 ditur.
395 1575 483 1597 mens
508 1565 574 1596 fera
600 1565 686 1605 prins
710 1569 740 1595 et
764 1563 928 1595 dominum
952 1568 987 1595 nt
1010 1564 1049 1595 de
1074 1564 1162 1596 duris
1187 1564 1332 1596 cautibus
1355 1568 1423 1596 orta
1446 1574 1509 1596 non
1533 1565 1675 1596 sentiens
1699 1565 1803 1597 subito
1826 1565 1901 1597 fidei

273 1617 345 1657 igue
370 1616 581 1648 succenditur.
624 1616 700 1647 Ilico
724 1615 868 1647 maculas
893 1619 1094 1656 peccatorum
1119 1615 1205 1647 unda
1230 1615 1323 1647 diluit
1346 1616 1496 1647 salutaris
1521 1619 1552 1648 et
1567 1616 1801 1648 incredulitatis
1818 1617 1901 1648 nube

274 1668 398 1699 detersa
432 1668 550 1699 clarum
581 1667 699 1709 pectori
730 1667 838 1698 lumen
862 1666 1048 1698 infunditur.
1104 1668 1159 1706 (383
1190 1667 1317 1699 Interea
1340 1677 1422 1698 unus
1446 1677 1463 1698 e
1487 1667 1617 1699 famulis
1640 1676 1734 1699 eursu
1758 1667 1900 1709 praepeti

275 1720 306 1750 tit
337 1720 483 1750 dominae
513 1719 610 1751 tristis
634 1718 778 1757 nuntius.
814 1728 895 1759 quae
919 1718 1086 1759 repentino
1110 1718 1196 1750 luctu
1220 1718 1368 1760 perculsa
1391 1719 1522 1750 monilia
1547 1718 1675 1759 proicit,
1710 1718 1900 1750 vestimenta

276 1771 458 1812 disrumpit.
495 1770 610 1801 scindit
641 1770 743 1801 crines
767 1779 932 1810 genasque
956 1769 1127 1806 dilacerat,
1162 1769 1276 1810 irrigat
1298 1769 1425 1802 fletibus
1450 1770 1571 1801 vultum
1597 1780 1634 1802 ac
1657 1774 1750 1802 tunso
1773 1774 1900 1811 pectore

276 1822 411 1863 suspiria
436 1832 532 1862 aegra
557 1822 718 1863 perfundit
743 1825 774 1853 et
797 1831 880 1853 nunc
905 1821 1100 1853 confractum
1125 1821 1321 1861 mixtumque
1345 1821 1470 1862 pulveri
1495 1821 1655 1853 dominum
1681 1831 1790 1861 suum,
1818 1831 1900 1853 nunc

276 1874 426 1904 :nnissuin
450 1873 541 1913 quasi
566 1873 732 1913 coniugem
756 1872 863 1904 deflet.
916 1873 975 1912 (39)
1003 1873 1164 1904 Turbatur
1187 1872 1316 1912 domus⁷
1351 1872 1526 1913 iunguntur
1548 1873 1730 1914 planctibus
1753 1873 1900 1905 dominae

276 1925 424 1956 lacrimae
449 1925 650 1957 famularum.
678 1924 719 1955 ad
743 1924 852 1956 urbem
876 1934 949 1955 mox
974 1928 1124 1965 properat
1147 1927 1178 1955 et
1200 1924 1329 1956 turbata
1353 1924 1527 1964 collisaque
1550 1934 1665 1965 gerens
1687 1934 1743 1956 ora
1763 1924 1900 1956 femineo

277 1976 369 2007 simul
401 1976 503 2007 furore
533 1976 583 2007 vel
615 1976 744 2016 planctu
775 1975 960 2016 aggreditur
983 1975 1192 2007 sacerdotem.
1241 1975 1331 2013 Quae
1356 1979 1390 2007 ut
1413 1975 1617 2007 serenitatem
1640 1975 1770 2008 verendi
1794 1976 1900 2008 vultus

277 2027 429 2067 inspexit.
466 2027 568 2058 subito
598 2037 715 2067 pavore
745 2027 944 2058 contremuit.
1000 2028 1056 2067 ΑΟ)
1085 2027 1230 2059 Glorioso
1255 2027 1361 2066 itaque
1385 2027 1492 2058 statim
1516 2026 1591 2058 fidei
1615 2027 1721 2059 calore
1745 2037 1901 2059 succensa

277 2078 411 2118 genibus
442 2078 637 2119 provolvitur
667 2078 840 2110 sacerdotis
872 2082 904 2110 et
933 2078 1103 2110 daemonia
1129 2088 1213 2119 quae
1236 2078 1376 2110 dementi
1399 2078 1487 2119 prius
1511 2078 1735 2119 superstitione
1759 2079 1901 2111 coluerat

278 2129 430 2160 laudabili
463 2129 662 2161 execratione
694 2129 892 2161 condemnat.
942 2130 1015 2171 Ipse
1039 2139 1113 2161 vero
1137 2129 1210 2162 ilico
1234 2139 1304 2161 eam
1329 2129 1401 2161 labe
1425 2129 1589 2170 culparum
1613 2129 1792 2162 emundans
1815 2130 1899 2162 vitae

367 2258 372 2281 l
396 2259 516 2281 durantur
537 2258 557 2280 12·
663 2256 698 2289 et]
719 2263 776 2281 tune
797 2259 816 2281 B
936 2258 950 2282 2
971 2263 1055 2282 tantae
1075 2259 1192 2282 nouitatis
1212 2258 1338 2282 miraculis
1357 2258 1378 2281 B
1494 2259 1509 2282 4
1528 2262 1642 2290 prompta
1661 2259 1681 2282 L
1785 2259 1825 2283 his
1845 2259 1866 2282 B

278 2308 381 2330 moxque
401 2302 442 2330 qni
463 2302 552 2330 direpti
574 2302 633 2324 foris,
665 2302 720 2324 foris
743 2301 760 2323 L
793 2303 932 2325 intemerati
965 2308 1024 2332 paee
1043 2305 1161 2324 temerata
1181 2302 1207 2329 L.
1232 2302 1253 2324 B
1368 2301 1381 2324 5
1401 2302 1538 2324 duruerant
1558 2301 1578 2324 L
1683 2301 1773 2325 redditi
1793 2301 1822 2330 B,
1844 2302 1900 2325 red-

278 2345 371 2366 duntur
391 2343 423 2366 M.
447 2345 550 2366 redeunt
569 2348 593 2366 et
613 2344 744 2367 domantur
765 2345 783 2367 L
891 2344 902 2366 ἶ
924 2342 962 2376 ae]
981 2345 1055 2374 quies
1070 2344 1097 2366 M
1202 2344 1216 2368 S
1234 2342 1326 2376 signis]
1345 2344 1401 2374 plus
1420 2343 1476 2367 add.
1495 2343 1513 2367 S
1617 2344 1632 2367 9
1652 2343 1764 2377 nanque]
1783 2352 1829 2368 om.
1846 2345 1867 2368 B

279 2388 302 2408 in
318 2385 408 2418 altiori]
428 2387 508 2409 altiori
523 2386 543 2408 1›¹
640 2387 695 2409 base
711 2387 731 2408 Β
831 2386 859 2410 10
879 2387 960 2410 diuini
974 2388 1064 2410 amoris
1079 2388 1130 2410 zelo
1143 2394 1279 2410 succensus
1294 2386 1316 2409 R
1412 2384 1498 2418 atque]
1518 2390 1542 2409 et
1556 2386 1578 2408 B
1677 2386 1703 2410 ll
1726 2385 1764 2420 ac]
1783 2394 1830 2411 om.
1846 2387 1867 2411 L

278 2428 432 2461 limpliatico]
452 2430 598 2451 bellatorum
618 2428 675 2452 adal.
692 2429 711 2451 L
817 2436 936 2452 succensa
956 2431 1042 2452 christi
1062 2430 1174 2453 bellatori
1195 2430 1304 2452 minatur
1323 2428 1362 2452 SL
1487 2428 1516 2452 12
1537 2430 1628 2452 metuit
1647 2429 1668 2452 B
1792 2429 1821 2453 1-1
1841 2428 1901 2463 iam]

288 2480 324 2495 m.
344 2473 361 2494 L
479 2470 629 2503 caleanerat]
651 2476 773 2495 meruerat
794 2471 832 2494 SL
951 2473 1026 2496 misso
1045 2480 1096 2495 rem
1115 2470 1216 2504 nuntio]
1235 2473 1327 2502 scripsi,
1350 2473 1425 2495 misso
1444 2473 1470 2495 in
1490 2479 1540 2495 rem
1560 2472 1649 2495 nuntio
1669 2472 1699 2500 B,
1721 2473 1795 2496 misso
1814 2473 1839 2495 in
1859 2480 1900 2496 ru-

279 2520 359 2537 tero-m
381 2516 467 2537 mintio
486 2516 510 2540 S,
543 2515 611 2537 misit
631 2515 750 2537 nuncium
774 2515 791 2537 L
944 2515 972 2538 15
992 2513 1083 2548 defert]
1102 2516 1132 2543 Β,
1164 2515 1237 2538 refert
1257 2515 1283 2544 S,
1313 2515 1429 2538 honorato
1448 2515 1549 2538 nomine
1570 2515 1589 2537 L
1729 2513 1782 2547 illo]
1801 2515 1826 2538 in
1846 2515 1868 2538 B

280 2559 396 2579 nardi-:m
419 2556 558 2589 >pu—adore]
578 2565 624 2580 oin.
642 2557 662 2579 B
767 2558 886 2580 honorum
906 2558 925 2580 L
1047 2558 1075 2581 1ss
1095 2556 1146 2590 hic]
1165 2559 1185 2581 is
1205 2558 1226 2580 B
1331 2564 1458 2581 seruorum
1478 2558 1499 2579 B
1604 2559 1689 2581 urbem
1709 2558 1822 2587 protinus
1841 2557 1900 2581 sede

281 2606 392 2622 aunt-vim
412 2601 490 2622 curuli
513 2600 531 2622 L
689 2600 715 2623 17
737 2601 785 2623 iter
804 2601 856 2623 dire
877 2602 984 2624 tremens
1004 2601 1057 2624 dira
1078 2601 1098 2623 L
1252 2601 1281 2624 13
1299 2601 1459 2623 beatissimus
1480 2601 1500 2622 B
1655 2599 1684 2624 19
1703 2600 1827 2623 effuderat
1845 2599 1868 2623 Β

280 2642 388 2673 {diuite-j
408 2642 465 2666 1:11.
487 2643 518 2670 ‘'s·
541 2643 607 2671 l'ergl.
626 2644 686 2666 Am.
705 2644 732 2671 X,
750 2644 807 2671 507.
830 2644 899 2672 bigae
919 2643 1025 2666 bominis
1045 2644 1113 2666 illins
1132 2644 1248 2666 animalia
1268 2643 1288 2666 L
1394 2642 1425 2666 ‘20
1445 2641 1606 2675 simulat-lira]
1626 2644 1696 2672 signa
1713 2643 1732 2666 L
1839 2642 1900 2666 nihil

282 2690 353 2706 munt
376 2685 394 2706 1,·
517 2684 624 2717 stimuli]
645 2687 728 2708 minuti
751 2685 775 2707 ,11
916 2686 943 2709 21
967 2684 1062 2718 autem]
1082 2693 1127 2710 om.
1145 2686 1165 2708 B
1292 2686 1403 2708 nouitate
1424 2686 1535 2708 miraculi
1556 2686 1576 2708 B
1715 2685 1746 2709 22
1767 2686 1863 2715 rogauit
1879 2685 1901 2708 L

280 2728 310 2748 ’.Νι
330 2733 471 2756 «arpo-nium
495 2728 511 2749 Ι,
641 2729 670 2751 ’.Ἰ
692 2730 783 2751 saw-tis
803 2729 824 2750 11
946 2727 1081 2760 auxilinm]
1100 2732 1124 2752 et
1143 2728 1202 2752 add.
1219 2729 1239 2751 L
1363 2727 1393 2751 25
1414 2732 1593 2759 compresserat
1615 2728 1641 2751 M
1761 2727 1798 2761 et]
1817 2735 1865 2752 om.
1881 2727 1900 2750 L

280 2771 311 2791 ⁴:0⁴·
332 2770 437 2798 *innupte
458 2783 487 2786 ff
509 2778 531 2798 ιν.
554 2770 592 2794 311.
618 2772 633 2793 1.
657 2771 686 2794 27
708 2768 795 2801 sensit]
816 2778 860 2794 vm.
879 2772 898 2793 1:
1005 2772 1034 2794 ΞΠ
1056 2770 1179 2803 dementi]
1199 2771 1231 2796 M.
1254 2772 1352 2795 decenti
1372 2771 1391 2794 L

1922 701 1948 720 10

1922 958 1949 977 15

1920 1213 1949 1233 20

1920 1470 1950 1490 ‘25

1920 1727 1949 1748 :to

1920 1984 1949 2004 35
