2038 3036
186 627 243 658 XX

168 1396 243 1427 xxi

275 127 314 152 1111
577 121 770 147 111’1“>Ῐ(Ὑ1,.1
794 118 985 145 viix-xxiii·
1006 117 1231 144 FORTVNA'I'U
1251 117 1353 144 MALE
1372 119 1595 146 ATTRlBVTA

275 218 341 248 riti-
373 227 496 257 semper
528 221 633 246 tautae
660 215 810 245 ubertatis
835 213 996 244 fertilitate
1023 213 1096 243 urbs
1120 211 1293 243 Andecava
1325 214 1575 254 superexcrevit.
1613 219 1645 245 ut
1675 215 1706 245 in
1739 215 1896 246 mercibus

274 268 367 298 lin-dii
393 268 515 298 (111-115
547 272 641 305 atquc
668 265 764 295 11110111
798 264 897 295 forum
923 263 1083 304 publicum
1109 273 1166 294 nec
1191 264 1397 296 minueretur.
1426 275 1465 296 ne
1489 265 1714 306 omnipotentis
1738 265 1790 297 dci
1813 266 1895 297 dona

275 320 469 349 vilescerent.
499 328 554 347 111-1·
579 320 749 355 augeretur
773 315 803 346 in
829 314 947 355 pretiis.
976 324 1014 345 ne
1040 314 1246 355 pauperiores
1270 315 1396 356 inopiae
1413 316 1681 348 necessitudinem
1699 321 1893 358 paterentur.

294 372 345 399 1⁰7
387 372 520 408 Semper
549 367 631 398 cuim
666 367 697 397 in
722 365 901 406 sumptibus
925 364 1095 396 cotidianis
1117 366 1253 406 aequale
1277 370 1345 398 erat
1368 367 1502 407 pretium
1527 368 1662 406 nummi,
1698 377 1775 399 sane
1799 377 1895 409 opere

273 427 300 451 ct
328 419 563 461 praedicatione
582 417 718 449 Maurilii
745 417 825 448 inter
849 416 981 457 populos
1005 416 1065 448 sibi
1090 417 1275 448 commissos
1291 422 1453 449 crescente
1469 419 1640 450 concordia
1656 418 1897 450 diffundebatur
1918 431 1929 448 r,

273 471 386 511 ubique
411 481 492 510 qnae
518 480 598 500 nuuc
623 469 764 507 frigescit
790 467 963 499 laudabilis
988 468 1087 499 virtus
1111 468 1238 499 caritas.
1286 468 1500 501 Cessaverant
1523 470 1619 502 bella.
1654 480 1716 511 pax
1741 470 1896 511 multipli-

271 522 402 552 cabatur
427 522 456 552 in
481 531 590 552 11111105.
622 520 826 560 replebantur
850 519 921 549 vino
945 523 1040 558 atque
1065 518 1221 551 frumento
1244 520 1382 551 omnium
1405 520 1516 552 horrea
1532 520 1669 561 ideoque
1685 531 1789 562 aequa
1806 526 1896 553 erant

273 574 301 604 iu
328 573 463 612 negotiis
487 571 660 603 secundum
684 580 843 611 qimmquc
869 579 1004 601 mercem
1029 569 1115 601 aeris
1139 571 1336 602 commercia.

376 627 438 661 iusv
472 623 505 654 111
531 634 614 664 paga»
639 632 712 653 vero
738 621 787 652 cui
812 621 997 653 Couuuonio
1021 631 1135 653 nomen
1159 625 1207 653 est
1230 625 1298 653 erat
1322 632 1417 663 rupes
1441 622 1599 663 quaedam
1624 624 1762 655 excelsa.
1790 623 1896 656 diver-

270 685 374 706 sarum
391 675 537 705 arborum
561 673 733 713 generibus
759 682 932 704 nemorosa.
962 672 1005 704 ad
1028 682 1122 712 quani
1148 683 1209 704 non
1233 677 1297 705 toto
1321 673 1426 705 adliuc
1450 684 1647 715 paganorum
1668 675 1729 706 ritu
1749 675 1896 707 discusso

271 727 436 757 stultorum
461 725 551 757 turba
577 725 787 756 conveniebat
811 734 970 755 sacrorum
996 734 1124 755 suorum
1149 724 1340 765 sollempnia
1357 725 1574 756 anniversario
1590 725 1701 757 ordine
1719 726 1892 758 celebrare.

272 778 322 809 ubi
349 788 402 818 per
426 781 546 818 septem
572 776 641 807 dics
666 775 825 816 epulando
849 778 880 806 et
903 774 1015 806 elioros
1039 775 1185 806 ducendo
1209 780 1304 816 atque
1322 776 1507 808 bacchando
1523 777 1713 818 sollempnia
1729 787 1787 809 sua
1803 778 1894 818 quasi

271 830 336 860 iure
362 828 468 860 debito
493 827 728 869 persolvebant.
799 828 854 856 1119
893 826 957 857 Sed
980 826 1065 867 quod
1090 826 1157 857 fieri
1181 826 1212 858 in
1237 827 1309 858 vino
1334 827 1519 869 plerumque
1543 832 1573 859 et
1589 828 1694 869 epulis
1711 828 1801 860 solet.
1828 833 1894 860 orta

270 880 424 911 seditione
458 879 546 910 multi
571 878 836 916 vulnerabantur7
873 877 1017 908 nonnulli
1044 877 1139 909 ctiam
1163 877 1207 909 ibi
1231 878 1271 910 de
1296 888 1380 910 more
1404 879 1647 919 iugulabantur.
1682 883 1713 911 et
1736 879 1769 911 id
1791 880 1894 921 ipsum

271 942 339 963 cum
364 930 544 962 accidisset.
572 929 751 961 inevitabili
777 929 841 960 i'ato
865 928 932 960 ficri
956 929 1187 960 acclamabant.
1242 931 1321 970 (lili)
1351 930 1443 968 Quod
1468 930 1521 961 ubi
1538 930 1704 962 Mani-ilius
1728 931 1891 972 comperit.

270 994 326 1014 nce
360 993 444 1013 mora
476 992 545 1013 cum
579 981 737 1020 religiosis
768 979 960 1020 quibusdam
992 980 1142 1012 fratribus
1166 980 1207 1012 ad
1231 981 1334 1012 locum
1359 981 1515 1022 perrexit.
1552 981 1604 1013 ubi
1628 991 1699 1013 cum
1722 982 1754 1013 in
1777 981 1896 1013 ieiunio

269 1040 298 1065 vt
323 1034 463 1064 111-11110110
490 1043 550 1063 una
576 1037 665 1064 nocte
691 1032 874 1072 vigilasset.
909 1031 1067 1072 gallorum
1092 1035 1186 1064 cantu
1209 1035 1317 1064 tantus
1341 1032 1423 1064 fetor
1446 1032 1486 1064 de
1510 1032 1579 1064 loco
1603 1033 1755 1069 surrexit,
1784 1037 1818 1064 ut
1841 1033 1894 1064 vix

269 1086 315 1116 111·
346 1088 474 1115 sanctus
505 1083 621 1114 ibidem
655 1083 799 1114 habitare
832 1086 938 1124 posset
968 1093 1038 1114 cum
1072 1083 1150 1114 suis.
1202 1084 1283 1123 (111)
1313 1084 1406 1115 Mane
1435 1087 1542 1115 autem
1573 1083 1697 1116 reddito
1721 1084 1816 1115 etiam
1841 1085 1894 1125 qui

269 1136 522 1177 superstitionem
547 1135 606 1166 loci
631 1135 717 1166 illius
741 1138 836 1166 antea
859 1134 1031 1166 servabant
1053 1135 1280 1175 intellegentes
1305 1145 1339 1166 se
1363 1134 1472 1166 divina
1495 1135 1611 1167 virtute
1635 1135 1828 1176 perterritos
1856 1145 1895 1168 ne

268 1188 418 1228 episcopo
453 1189 682 1227 repugnarent,
722 1185 784 1227 ipsi
821 1195 892 1216 cum
922 1185 1034 1217 codem
1066 1195 1157 1217 omne
1188 1195 1300 1218 nemus
1331 1186 1496 1218 succidere
1526 1190 1557 1218 ct
1587 1187 1662 1227 igne
1692 1196 1894 1218 concremare

269 1239 429 1270 festinant.
484 1239 563 1275 ’1121
595 1237 640 1268 Ita
672 1240 777 1268 autem
802 1237 955 1268 mundato
985 1246 1042 1278 per
1072 1237 1179 1278 ignem
1210 1237 1278 1269 loco
1308 1237 1491 1269 aedificavit
1520 1237 1566 1268 ibi
1590 1237 1697 1269 statim
1720 1237 1753 1269 in
1778 1238 1894 1269 honore

267 1291 380 1321 beatae
405 1289 524 1320 Mariae
548 1289 711 1329 genitiicis
735 1288 915 1319 basilicam.
960 1289 1061 1320 Locus
1085 1288 1169 1320 enim
1193 1288 1248 1320 ille
1272 1289 1326 1329 qui
1350 1292 1447 1320 antea
1463 1289 1570 1329 Rupes
1593 1289 1645 1321 vel
1663 1289 1768 1320 Lucus
1784 1289 1894 1321 Martis

267 1342 492 1383 appellabatur
516 1340 661 1372 Castrum
687 1340 800 1371 Petrae
824 1350 938 1371 nomen
962 1339 1098 1381 accepit.

361 1395 381 1431 ¹⁴l
396 1394 439 1432 131
470 1391 593 1423 Accidit
616 1395 722 1423 autem
747 1391 849 1422 isdem
873 1391 999 1430 diebus⁷
1027 1395 1061 1422 ut
1082 1391 1196 1422 beatus
1213 1391 1380 1422 Maurilius
1403 1391 1445 1422 ad
1469 1391 1601 1423 fratrum
1625 1392 1839 1424 visitationem
1863 1395 1895 1424 et

266 1445 346 1475 inter
379 1443 534 1484 quosdam
570 1442 733 1474 discordes
768 1442 1004 1474 reformandam
1039 1451 1150 1483 pacem
1182 1442 1464 1474 Cinnomanuieam
1498 1446 1665 1474 vocaretur
1698 1443 1740 1474 ad
1770 1443 1891 1474 urbem.

266 1499 334 1534 Quo
365 1506 435 1527 cum
468 1495 536 1525 sine
568 1504 655 1525 mora
686 1494 828 1526 venisset
854 1497 885 1525 ct
909 1504 987 1535 pace
1011 1494 1094 1525 inter
1117 1493 1256 1525 dissides
1279 1493 1425 1525 restituta
1449 1493 1573 1535 regredi
1597 1494 1770 1536 coepisset.
1803 1498 1894 1526 ante-

267 1557 360 1587 quam
392 1546 433 1578 ad
458 1547 586 1577 Pontem
612 1546 741 1586 Leugae
773 1545 971 1586 perveniret,
1005 1545 1129 1576 incolae
1153 1545 1213 1576 loci
1237 1545 1344 1584 illius7
1379 1549 1413 1577 ut
1435 1545 1711 1577 benedictionibus
1735 1545 1894 1587 praesulis

267 1598 382 1629 iirmari
407 1600 610 1629 mererentur.
639 1597 708 1628 cius
732 1597 905 1628 adventum
930 1596 1078 1628 devotius
1095 1596 1383 1638 praestolabantur.
1437 1597 1519 1637 (ll-l)
1547 1596 1633 1628 Inter
1648 1595 1729 1637 quos
1745 1601 1894 1638 parentes

267 1650 430 1680 cuiusdam
461 1649 550 1690 pueri
580 1648 678 1679 tilium
711 1658 803 1679 suum
834 1647 933 1679 nimia
961 1647 1146 1679 infirmitate
1176 1657 1215 1679 ex
1244 1650 1385 1688 tempore
1415 1651 1584 1688 gravatum
1614 1657 1707 1679 secus
1730 1647 1814 1679 viam
1838 1657 1895 1689 per

266 1711 359 1740 quam
385 1701 550 1731 transitum
575 1696 719 1741 episcopi
744 1699 810 1730 fore
834 1703 1049 1739 cognoverant.
1072 1703 1247 1740 posuerunt
1266 1698 1426 1730 dieentes:
1454 1699 1572 1731 Poterit
1595 1699 1679 1731 enim
1704 1699 1732 1730 si
1755 1698 1891 1731 voluerit

267 1752 362 1783 nostri
398 1751 546 1783 infantuli
577 1751 719 1782 obtinere
751 1751 887 1782 salutem
916 1750 971 1791 qui
1000 1754 1124 1782 mortuo
1153 1760 1250 1792 puero
1281 1750 1377 1781 vitam
1409 1749 1501 1782 reddi
1531 1750 1667 1782 obtinuit
1696 1750 1791 1782 etiam
1822 1754 1895 1792 post

267 1857 417 1879 sanatissimi
444 1856 566 1885 praesulis
591 1856 666 1878 totius
691 1855 777 1886 populi
797 1855 983 1877 Amlecavensis
1008 1855 1132 1883 generalis
1157 1855 1207 1877 suit
1230 1855 1363 1884 profectus.
1404 1855 1424 1877 A
1444 1854 1484 1877 die
1504 1854 1665 1877 ordinationis
1684 1855 1763 1878 sancti
1783 1854 1893 1878 Maurilii

266 1906 344 1928 nsque
364 1898 392 1920 ad
414 1899 546 1921 transitum
566 1901 649 1921 tantae
669 1898 756 1921 urbem
777 1898 931 1920 Andecavam
951 1898 1073 1920 ubertatis
1093 1897 1245 1920 abundantia
1265 1897 1386 1927 replevit,
1409 1900 1438 1920 ut
1456 1898 1536 1920 sorum
1555 1897 1684 1927 publicum
1703 1897 1731 1920 in
1750 1897 1829 1927 pretio
1847 1897 1893 1920 ali-

266 1942 401 1964 nwniarnm
422 1948 466 1964 ncc
487 1941 643 1964 minueretur
662 1947 707 1963 nec
727 1940 868 1963 adderetur.
901 1940 991 1963 Cuncti
1010 1940 1097 1970 populi
1116 1940 1211 1969 repleta
1230 1943 1300 1963 crant
1318 1940 1404 1963 horrea
1423 1947 1453 1963 ex
1472 1940 1586 1963 ubertate
1605 1940 1684 1963 tritici
1704 1943 1729 1963 et
1748 1941 1816 1963 vini:
1839 1947 1892 1963 ces-

266 1989 377 2007 saverant
398 1985 466 2006 enim
487 1984 566 2013 bella,
587 1990 634 2013 pax
654 1984 718 2006 bona
738 1986 817 2006 terrae
837 1983 1054 2013 multiplicaverat,
1077 1985 1191 2006 cunctam
1211 1989 1309 2012 quoque
1328 1983 1427 2013 plebem
1446 1983 1583 2012 repleverat
1602 1983 1691 2006 caritas
1711 1990 1766 2006 cum
1786 1983 1894 2013 reliqua-

267 2035 319 2050 rum
347 2028 469 2050 virtutum
495 2029 519 2049 et
544 2027 661 2049 bonorum
688 2033 782 2049 morum
808 2026 1000 2056 consequentia,
1029 2029 1056 2049 ut
1082 2032 1124 2049 cos
1142 2028 1225 2056 pastor
1242 2026 1322 2049 bonus
1341 2025 1483 2056 apostolicis
1502 2026 1618 2049 docuerat
1637 2026 1738 2049 monitis
1757 2026 1849 2056 pariter
1867 2031 1892 2049 er

266 2069 395 2098 exemplis.

352 2112 436 2134 11-23
458 2111 626 2141 Maynobodus
645 2119 665 2135 c.
691 2114 735 2134 19:
758 2112 816 2134 lirat
834 2113 860 2134 in
880 2118 940 2141 pago
954 2102 1203 2141 Commonico'rupes
1222 2111 1320 2134 excelsa
1339 2111 1453 2134 arborum
1471 2111 1624 2134 diversarum
1644 2117 1735 2140 genera
1753 2111 1831 2134 multa
1849 2111 1893 2134 113-

267 2155 342 2178 bens.
371 2156 395 2177 111
423 2162 495 2184 quem
522 2155 603 2177 lucum
629 2162 659 2177 ex
685 2162 779 2184 pagano
803 2154 882 2177 adbuc
905 2155 955 2177 ritu
981 2157 1079 2178 retenta
1103 2154 1286 2177 consuetudine
1308 2157 1379 2177 tanta
1397 2154 1529 2177 stultorum
1547 2154 1676 2177 hominum
1695 2154 1802 2183 singulis
1820 2155 1893 2177 annis

267 2198 337 2220 ‹nrt-a
356 2198 534 2225 conveniebat,
564 2201 591 2219 ut
610 2198 698 2220 diebus
718 2201 814 2228 septem
834 2197 954 2221 solemnia
974 2198 1007 2220 ibi
1027 2198 1144 2226 sacrilege
1163 2198 1322 2221 exsolverent
1340 2196 1479 2220 bacchando
1498 2200 1523 2220 et
1541 2197 1624 2220 choros
1642 2197 1750 2226 gentiles
1768 2196 1887 2222 ducende.

267 2241 308 2262 5011
329 2244 353 2263 ct
373 2241 518 2269 frequenter
537 2243 589 2268 post
611 2241 668 2262 vina
687 2243 711 2262 et
731 2240 818 2270 epulas
837 2240 995 2269 insurgentes
1015 2241 1041 2263 in
1062 2247 1087 2263 se
1107 2240 1241 2263 multorum
1259 2239 1333 2263 caede
1352 2242 1439 2263 mutua
1457 2240 1603 2268 sanguinem
1617 2239 1788 2263 effundebant.
1821 2239 1892 2268 Quod

266 2283 351 2305 ‹lnlens
366 2283 496 2306 Mamilius
517 2283 629 2312 pontifex
650 2282 753 2312 quadam
774 2283 815 2306 die
835 2289 885 2306 una
904 2290 959 2306 cum
978 2283 1097 2306 fratribus
1116 2283 1170 2306 suis
1188 2282 1217 2306 ad
1237 2289 1293 2306 eum
1313 2283 1393 2306 locum
1413 2283 1564 2312 perveniens
1583 2286 1633 2306 tota
1652 2285 1724 2306 nocte
1741 2283 1767 2306 in
1782 2283 1892 2307 oratione

267 2325 392 2355 perdurat.
433 2325 470 2348 Ad
496 2325 612 2354 gallorum
638 2330 738 2348 cantum
765 2329 853 2349 tantus
876 2326 954 2349 foetor
973 2325 1003 2349 de
1023 2326 1074 2349 loco
1094 2332 1209 2355 egressus
1227 2330 1280 2356 est⁷
1307 2328 1336 2349 ut
1354 2327 1396 2348 vix
1415 2325 1515 2349 tandem
1534 2327 1571 2348 vir
1589 2325 1631 2349 dei
1650 2332 1706 2349 cum
1725 2326 1778 2348 suis
1796 2326 1830 2348 lbi
1850 2326 1891 2349 in-

267 2368 376 2390 habitare
404 2372 503 2398 posset:
532 2375 579 2398 quo
600 2368 715 2391 videlicet
736 2369 807 2397 signo
826 2369 966 2392 eliminatae
985 2369 1088 2398 gentilis
1107 2371 1133 2392 et
1151 2369 1324 2392 daemoniacae
1343 2369 1480 2399 spurcitiae
1498 2369 1579 2399 palam
1598 2369 1713 2392 omnibus
1732 2368 1786 2391 dato
1805 2372 1830 2391 et
1848 2375 1892 2398 per

268 2411 309 2432 11111·
336 2412 516 2433 rusticanorum
542 2418 641 2440 quoque
667 2412 748 2434 turbis
773 2411 802 2434 ad
828 2412 1020 2435 destructionem
1047 2418 1106 2435 snae
1133 2412 1322 2442 superstitionis
1342 2411 1473 2439 animatis,
1502 2412 1557 2435 luce
1575 2412 1656 2442 prima
1675 2414 1774 2434 sauctus
1794 2411 1892 2441 praesul

268 2455 363 2476 arbores
384 2454 461 2477 incidi
481 2456 506 2476 et
526 2455 583 2482 igne
602 2455 703 2477 cremari
723 2455 858 2484 praecepit.
898 2455 929 2477 Et
948 2454 1078 2477 aedificata
1097 2455 1190 2477 ibidem
1209 2455 1312 2477 ecclesia
1330 2455 1450 2483 gloriosae
1469 2454 1561 2477 Mariae
1581 2454 1669 2477 matris
1688 2454 1798 2479 domini.
1824 2454 1892 2477 locus

268 2498 318 2525 ipse
343 2497 433 2519 abolito
462 2498 535 2519 etiam
563 2497 676 2519 vocabulo
699 2497 763 2526 quod
789 2500 860 2520 antea
883 2504 914 2520 ex
940 2498 1148 2527 superstitionum
1167 2498 1324 2520 observantia
1344 2500 1506 2528 usurpaverat
1524 2504 1537 2520 a
1556 2497 1665 2520 naturali
1685 2497 1807 2527 positione
1827 2497 1892 2520 situs

272 2547 357 2561 numen
379 2541 473 2569 acecpit
493 2540 606 2563 Castrum
627 2540 721 2563 Petrae.

352 2582 383 2605 *Η
404 2595 435 2599 ——-
455 2590 480 2611 p.
497 2582 536 2611 υῖ,
559 2584 576 2605 l.
595 2582 619 2606 ll
645 2582 814 2611 illugmobodus
833 2591 853 2606 c.
876 2585 923 2606 2²0:
951 2584 1013 2606 Cum
1034 2587 1150 2606 evocatus
1170 2584 1261 2606 suisset
1280 2584 1368 2606 beatus
1389 2583 1519 2606 Maurilius
1542 2584 1572 2606 ob
1597 2584 1699 2606 fratrum
1720 2583 1889 2606 visitationem

268 2625 456 2647 summanicani
483 2627 621 2650 civitatem.
651 2630 791 2649 revertente
816 2634 844 2649 eo
871 2629 926 2655 post
953 2627 1081 2655 negotium
1106 2627 1245 2649 confectum
1265 2626 1290 2648 in
1311 2633 1384 2656 pace.
1413 2625 1442 2648 ad
1461 2625 1564 2649 Pontem
1585 2626 1683 2655 Leugae
1704 2626 1797 2648 iacebat
1817 2632 1888 2656 puer,

268 2674 340 2695 qun-u.
368 2671 480 2697 parentes
507 2669 560 2691 cius
579 2669 674 2691 niniam
695 2669 806 2692 venienti
827 2672 910 2691 sam-t(-
930 2669 1038 2692 antistiti
1059 2672 1206 2698 posuerant.
1233 2669 1275 2698 qui
1295 2675 1394 2692 omnem
1413 2675 1553 2698 compagem
1573 2669 1737 2691 membrorum
1757 2667 1888 2691 obvolutus

352 2754 365 2775 “-’
388 2752 429 2784 nv]
450 2761 541 2782 erpss.
565 2762 600 2776 nc:
642 2753 686 2775 lil'
806 2753 834 2776 111
855 2761 947 2783 pausillo
968 2754 988 2776 Γ
1094 2753 1125 2776 23
1145 2757 1224 2776 vastae
1247 2754 1268 2776 Γ

1915 1198 1945 1217 21»

1915 1455 1944 1474 2¹5

1911 1711 1942 1729 :5⁰
