2038 3036
193 858 299 889 XXXI

181 1269 305 1300 XXXII

169 1939 309 1970 XXXIII

173 2402 308 2432 xxxlv

328 151 362 180 13
928 144 1027 170 vam
1034 144 1093 170 s‘ri
1115 143 1326 169 ron'rvaTl

325 245 426 285 coepit
452 244 490 274 de
516 240 729 273 misericordia
754 239 869 270 habere
893 237 1113 277 conloquium,
1142 240 1174 268 ut
1197 236 1280 268 datis
1304 237 1544 269 fideiussoribus
1568 238 1787 270 relaxarentur
1809 238 1848 270 de
1872 239 1942 270 vin-

324 295 393 325 culo
428 300 457 324 et
494 298 611 334 partein
647 291 759 331 eulpae
795 290 921 321 cederet
952 289 1079 329 pietatis
1110 288 1237 319 intuitu.
1286 288 1377 326 Quod
1406 288 1462 320 ille
1494 289 1598 321 faeere
1631 289 1754 321 distulit
1785 290 1942 321 obstinato

324 346 444 386 spiritu.
510 345 546 372 *7
587 342 674 373 Vnde
705 347 874 381 :nm-quani
900 339 1142 381 perpranderet7
1182 350 1215 371 se
1240 339 1279 371 de
1304 350 1414 371 mensa
1438 345 1566 372 sanctus
1591 341 1745 382 proripuit
1769 345 1799 372 ct
1823 341 1942 373 carceri

324 397 526 426 subterraneo
550 394 748 434 superiectus
772 392 892 423 diutius
915 392 1016 422 oravit
1041 401 1110 422 cuni
1136 390 1231 430 fletu,
1266 395 1299 422 ut
1323 391 1430 422 divino
1454 392 1649 424 conferretur
1672 393 1791 424 auxilio
1815 392 1900 434 quod
1923 403 1943 424 a

324 447 493 487 temporale
525 445 627 476 iudice
656 454 716 475 non
741 447 825 474 esset
850 443 1007 474 obtentus.
1064 444 1121 482 bs)
1150 442 1202 473 Sic
1227 452 1338 473 cursus
1361 443 1417 474 illc
1442 443 1642 475 lacrimarum
1667 454 1723 485 per
1745 454 1820 475 aera
1843 444 1944 484 surgit
1965 455 1976 473 s

324 499 353 529 in
378 498 498 528 eaelum
524 502 553 527 et
578 496 714 534 gemitus
740 494 882 536 pervenit
906 493 946 524 nd
971 498 1089 525 votum.
1131 494 1242 534 Itaque
1267 493 1439 535 deputatur
1461 495 1597 535 angelus
1620 495 1661 527 ad
1678 496 1836 527 effectum.
1879 495 1943 527 De-

325 550 395 579 hinc
421 549 466 579 xir
490 547 681 578 venerabilis
705 556 792 587 spem
819 545 1002 587 promittens
1026 545 1166 576 inclusos
1191 549 1322 576 ortatur.
1363 546 1429 577 Nec
1447 547 1550 587 perdit
1566 557 1679 581 sermo.
1706 546 1790 588 quod
1807 547 1946 587 loquitur

324 600 383 631 tide
414 600 513 638 gestis
544 599 690 639 inpletur.
760 601 799 627 50
839 598 883 628 130
914 596 1097 628 discedente
1130 607 1201 628 mox
1232 601 1415 629 catenarum
1448 598 1545 630 bacae
1579 598 1784 639 franguntur,
1821 598 1944 630 vinctae

324 652 436 682 ianuae
468 654 665 681 reserantur.
699 649 767 680 dies
798 649 828 679 in
862 658 1020 679 carcerem
1045 647 1220 684 reducitur,
1258 648 1398 680 damnati
1423 649 1462 680 de
1487 650 1626 681 tenebris
1650 650 1682 680 in
1707 650 1808 682 lucem
1833 660 1945 692 proce-

323 703 399 734 dunt
423 713 480 733 nee
504 702 622 733 diutius
647 711 748 741 poena
772 700 873 731 tenuit
896 710 974 740 quos
997 704 1167 739 torqueret.
1220 703 1277 740 290„
1309 700 1363 731 Sic
1387 701 1486 742 erepti
1511 701 1652 732 l‘arisius
1676 706 1842 733 occurrunt
1866 712 1945 742 pon-

323 754 396 785 titiei
428 754 479 793 qui
512 753 772 794 periclitabantur
802 751 927 782 inclusi.
976 751 1039 783 Sed
1072 755 1104 783 ut
1135 751 1349 792 culpabilibus
1377 752 1500 792 aliquid
1524 753 1597 793 plus
1621 752 1793 792 conferret,
1829 763 1848 784 a
1872 763 1946 793 rege

322 805 475 846 qiiidquid
501 806 574 835 tiseo
599 815 653 845 pro
677 804 726 834 Iris
751 803 927 834 debebatur
949 803 1097 834 obtinuit.

425 860 458 887 2⁸1
505 856 626 887 Dehinc
650 855 691 886 ad
715 859 857 886 sanctum
883 855 983 886 virum
1009 855 1158 886 Nicasius
1182 865 1251 886 cum
1276 855 1374 886 vellet
1395 865 1556 886 occurrere
1581 859 1613 887 et
1628 856 1690 887 iam
1710 859 1942 897 praesentatus,

325 920 394 940 mox
419 908 607 949 gravissimo
632 916 707 938 casu
731 906 762 937 in
786 910 900 938 terram
926 909 1104 947 prostratus
1129 910 1191 945 est,
1221 911 1251 938 ct
1275 917 1377 947 paene
1402 907 1549 938 omnibus
1573 907 1686 938 salutis
1710 907 1872 939 distitutns
1895 917 1948 939 so-

325 961 419 997 latiis,
448 960 517 1000 ipso
542 962 649 990 saneto
675 958 901 995 intercedente,
931 958 1049 989 homini
1075 958 1237 999 ‹lisperato
1262 958 1361 989 virtus
1385 961 1416 989 et
1440 968 1554 990 sensus
1578 969 1743 999 regressus
1767 965 1824 990 est.
1874 959 1947 990 Mox

325 1012 461 1042 balteum
494 1022 554 1050 quo
581 1010 769 1049 cing-ebatur
792 1013 822 1041 et
846 1013 970 1050 spatam
995 1019 1051 1050 pro
1075 1019 1204 1041 munere
1229 1009 1321 1041 beato
1347 1010 1506 1041 Germano
1530 1010 1737 1049 contradidit,
1771 1010 1855 1051 quod
1878 1010 1947 1052 ipse

324 1073 428 1093 eomes
459 1062 532 1093 «lato
564 1062 663 1102 pretio
694 1064 764 1102 post
789 1061 932 1092 redemit.
987 1061 1047 1100 (5¹2)
1078 1060 1114 1091 Id
1138 1064 1241 1092 actum
1267 1064 1331 1099 est,
1367 1065 1400 1092 ut
1423 1060 1507 1102 quod
1532 1062 1620 1103 prins
1644 1062 1849 1093 incarceratis
1874 1072 1949 1093 con-

325 1115 436 1145 cedere
461 1114 585 1145 distulit
608 1113 657 1144 hic
682 1113 844 1154 duplicato
869 1112 997 1144 foenore
1022 1112 1145 1143 debitor
1168 1116 1378 1154 conpensaret
1401 1116 1433 1144 et
1455 1116 1549 1144 aucta
1572 1112 1644 1144 dote
1669 1113 1786 1145 damna
1803 1113 1945 1154 sarciret,

326 1166 412 1207 prius
437 1176 491 1205 pro
516 1165 562 1196 eis
586 1165 748 1199 differens,
776 1168 847 1206 post
871 1168 903 1196 et
925 1174 959 1195 se
982 1164 1086 1204 ipsum
1112 1163 1288 1196 redimens:
1316 1168 1390 1196 ante
1414 1175 1473 1196 nec
1496 1164 1562 1196 illis
1585 1165 1667 1206 pius,
1697 1165 1790 1197 modo
1809 1165 1896 1197 etde
1914 1175 1948 1197 se

324 1217 468 1257 trepidus
491 1216 603 1247 didicit
626 1226 701 1247 casu
726 1216 851 1257 proprio
874 1215 1035 1247 aerumnis
1059 1225 1241 1247 succurrere
1265 1216 1392 1247 alienis.

421 1270 468 1307 ,113
507 1268 637 1299 Prorsus
661 1267 742 1299 illud
766 1267 904 1308 stupom's
930 1271 1091 1298 retexatur
1114 1267 1145 1298 in
1169 1267 1298 1308 pagina.
1339 1268 1442 1299 Eunte
1467 1271 1576 1299 sancto
1600 1268 1666 1299 viro
1689 1267 1730 1299 ad
1754 1268 1839 1300 beati
1863 1278 1948 1300 mar-

326 1320 404 1360 tyris
429 1320 644 1361 Synphoriani
669 1329 844 1353 occursum.
872 1319 947 1350 dum
972 1319 1010 1350 de
1034 1319 1103 1350 vico
1128 1319 1314 1351 Cervedone
1339 1319 1370 1350 in
1394 1319 1561 1350 Murrinno
1585 1319 1795 1360 progreditur,
1822 1319 1949 1352 liabita—

326 1376 409 1403 tores
441 1371 499 1402 loci
531 1375 731 1403 occurrentes
762 1374 954 1411 suggerunt,
990 1375 1023 1402 ut
1054 1374 1196 1411 segetem
1220 1370 1365 1402 Panitiae
1392 1371 1536 1402 mulieris
1560 1370 1676 1402 viduae
1700 1371 1779 1402 nihil
1804 1371 1950 1402 habentis

328 1423 464 1455 residui.
496 1433 577 1463 quae
602 1423 642 1454 ab
667 1423 748 1454 ursis
772 1422 973 1461 vastabatur.
1002 1422 1131 1454 visitare
1156 1422 1354 1463 praeciperet
1377 1426 1408 1454 et
1431 1426 1540 1454 sancto
1559 1432 1623 1454 suo
1647 1422 1787 1454 adventu
1812 1422 1950 1463 repelle-

327 1480 411 1506 retur
442 1474 590 1505 incursio.
639 1474 699 1512 Qui
732 1474 872 1505 concitus
902 1474 1054 1505 ministris
1086 1474 1298 1505 inridentibus
1329 1474 1370 1505 ad
1402 1474 1503 1505 locum
1534 1474 1718 1516 perducitur
1748 1478 1779 1506 et
1809 1474 1950 1506 oratione

327 1526 401 1557 data
425 1526 562 1567 desuper
586 1526 661 1557 fecit
685 1526 898 1566 signaculum.
956 1527 1011 1565 ⁴94)
1041 1526 1122 1557 Hinc
1145 1526 1294 1557 instinctu
1320 1525 1426 1557 divino
1449 1526 1481 1557 in
1506 1525 1689 1567 parentales
1705 1525 1824 1557 bestias
1841 1525 1950 1557 feralis

328 1578 373 1608 ira
398 1578 607 1609 succenditur.
636 1577 742 1609 odium
766 1578 907 1609 nascitur
929 1577 961 1608 in
985 1578 1110 1617 aflectu.
1139 1578 1172 1608 in
1196 1588 1274 1618 pace
1299 1588 1406 1619 pugna
1431 1578 1645 1609 committitur.
1688 1578 1804 1609 Furore
1828 1577 1951 1610 bestiae

327 1629 375 1659 bis
407 1634 582 1667 armantur.
620 1629 725 1660 statim
757 1630 958 1670 praefocatur
986 1639 1068 1660 unus
1099 1639 1190 1660 ursus
1220 1629 1260 1660 ab
1291 1629 1391 1660 altero
1422 1632 1453 1660 et
1482 1629 1552 1670 ipse
1582 1629 1636 1670 qui
1667 1629 1840 1668 restiterat,
1876 1629 1951 1661 dum

328 1681 424 1711 vellet
459 1680 542 1711 t'oras
577 1681 703 1720 egredi,
743 1681 849 1722 saepis
884 1681 957 1722 palo
991 1680 1208 1712 transfoditur.
1258 1680 1310 1712 Sic
1339 1681 1463 1721 utrique
1496 1685 1671 1712 vastatores
1702 1691 1763 1713 uno
1794 1685 1951 1713 momento

328 1732 523 1773 perimuntur
552 1736 583 1763 et
612 1732 674 1773 ipsi
705 1733 763 1763 sibi
797 1732 961 1764 confestim
992 1743 1081 1763 arma
1112 1732 1222 1763 mortis
1254 1733 1358 1764 effecti
1391 1736 1473 1764 sunt.
1527 1734 1588 1773 (95)
1616 1732 1691 1764 Post
1720 1733 1782 1774 ipsi
1806 1733 1952 1765 redeunti

327 1784 441 1814 mulier
475 1784 575 1825 pelles
611 1794 752 1815 ursorum
784 1784 897 1816 obtulit
930 1793 969 1815 ex
1000 1784 1104 1816 studio
1136 1787 1167 1816 et
1196 1784 1288 1825 quasi
1319 1784 1430 1816 victori
1463 1794 1519 1815 suo
1550 1788 1771 1826 repraesentat
1801 1784 1948 1826 spolium,

328 1835 411 1875 quod
441 1840 547 1866 tamen
571 1836 696 1867 omnino
720 1837 787 1877 ipse
812 1836 971 1867 recusavit
993 1836 1157 1877 accipere:
1194 1839 1225 1867 et
1247 1836 1301 1876 qui
1325 1836 1412 1877 prius
1437 1836 1572 1868 riserant
1596 1836 1758 1877 paenitere
1783 1840 1953 1878 coeperunt

328 1887 471 1918 videntes
495 1887 692 1918 miraculum.

424 1940 479 1969 Ὶ’96
512 1939 551 1970 Et
573 1939 720 1979 quoniam
746 1939 785 1970 de
809 1939 861 1970 dei
886 1939 968 1971 dono
992 1950 1053 1971 non
1078 1939 1174 1971 debet
1197 1949 1268 1971 esse
1293 1939 1473 1978 fastidium,
1509 1938 1590 1970 illud
1614 1939 1709 1970 etiam
1734 1939 1872 1971 breviter
1894 1938 1953 1970 du-

331 1990 430 2021 cimus
453 1990 690 2031 explicandum.
734 1990 916 2022 Beretrudis
941 1992 1099 2031 quaedam
1124 1991 1238 2023 mulier
1254 1991 1451 2022 Munsvinthi
1476 1995 1619 2022 matrona
1635 1990 1710 2022 dum
1726 1994 1867 2032 tempore
1884 1990 1952 2022 lae—

330 2042 485 2072 taniarum
518 2042 735 2082 praecaecatis
763 2043 864 2073 oeulis
888 2053 949 2073 non
973 2046 1081 2084 posset
1104 2043 1149 2074 ire
1174 2053 1244 2074 cum
1268 2043 1402 2084 populo,
1437 2042 1571 2074 audiens
1595 2042 1722 2073 chorum
1747 2042 1952 2084 psallentium

330 2103 399 2124 cum
431 2093 568 2124 lacrimis
600 2093 706 2124 domni
730 2094 880 2125 (lei-mani
911 2094 1051 2135 inplorat
1082 2095 1250 2126 auxilium.
1303 2095 1363 2135 (97];·
1392 2094 1501 2126 'I'ertia
1533 2094 1678 2134 sequenti
1709 2098 1800 2126 nocte
1824 2103 1880 2135 per
1903 2103 1953 2125 so-

331 2154 436 2185 porem
462 2145 549 2175 visus
573 2149 620 2176 est
643 2146 672 2176 ei
697 2146 744 2176 vir
767 2146 971 2177 beatissimus
995 2146 1123 2178 adstare
1148 2156 1244 2187 prope
1267 2146 1417 2178 lectulum
1435 2149 1466 2177 et
1482 2145 1572 2186 quasi
1590 2145 1694 2177 caecis
1709 2145 1810 2176 oculis
1827 2145 1955 2177 fecisset

332 2196 541 2235 signaculum.
591 2196 758 2236 Evigilans
793 2197 906 2228 mulier
940 2198 1052 2229 marito
1087 2202 1195 2229 narrat
1230 2208 1311 2237 qnae
1347 2201 1438 2237 gesta
1473 2201 1556 2228 sunt.
1620 2198 1680 2237 (98)
1709 2197 1782 2228 Mox
1813 2197 1952 2228 stillante

332 2248 487 2287 sanguine
519 2247 587 2279 dies
619 2248 718 2279 oculis
751 2248 892 2279 redditur
916 2253 947 2280 et
971 2249 1154 2280 diuturnum
1179 2253 1251 2290 post
1274 2249 1417 2280 nubilum
1442 2249 1561 2280 lumina
1585 2258 1697 2280 sereno
1721 2248 1810 2280 radio
1834 2248 1952 2280 micue-

332 2304 413 2329 runt.
463 2299 659 2330 Clarisccnte
690 2310 814 2339 quoque
843 2300 894 2331 die
918 2300 959 2331 ad
984 2300 1114 2332 missam
1139 2311 1208 2332 cum
1234 2301 1350 2342 populo
1374 2300 1574 2342 progreditur
1597 2299 1711 2331 mulier
1734 2300 1765 2331 in
1790 2309 1948 2341 processu,

333 2350 375 2380 ita
401 2354 432 2380 ut
457 2350 555 2381 sancti
582 2350 638 2381 viri
663 2351 707 2381 sie
732 2351 799 2382 visa
823 2361 879 2392 per
902 2352 1057 2383 somnium
1083 2356 1168 2383 esset
1191 2352 1297 2392 imago
1321 2352 1507 2383 remedium.

434 2404 472 2430 {m
511 2401 611 2433 Adest
641 2412 698 2433 nec
729 2403 831 2433 minus
861 2403 1024 2435 laudabile
1056 2403 1180 2435 reddita
1212 2404 1278 2434 vita
1309 2403 1498 2435 infantulae.
1549 2403 1627 2435 Cum
1658 2403 1690 2434 in
1718 2402 1875 2434 Turonico
1904 2402 1953 2433 in-

335 2453 441 2483 lustris
473 2453 531 2483 vin'
555 2453 656 2485 I'ienti
687 2458 829 2486 matrona
858 2455 1022 2495 expositae
1046 2455 1132 2487 filiae
1156 2455 1347 2487 lamentaret
1370 2459 1513 2486 extrema
1538 2458 1569 2486 et
1593 2454 1748 2486 obseratis
1773 2454 1873 2486 oculis
1896 2463 1953 2486 nec

421 2574 434 2597 2
455 2575 569 2597 cederent
591 2575 609 2597 I’
711 2575 724 2598 -1
746 2576 872 2599 subiectus
895 2576 925 2598 (3¹
1031 2575 1195 2608 conferretur]
1216 2574 1295 2605 P2G2,
1318 2577 1486 2599 consereretur
1508 2575 1536 2598 1¹¹
1645 2576 1659 2599 5
1679 2579 1744 2599 esset
1763 2573 1892 2607 obtentus]
1910 2574 1953 2598 PG

337 2627 365 2636 z
387 2618 536 2640 obtinuisset
641 2621 655 2637 ὃ
675 2617 760 2650 bavae]
778 2619 812 2647 ‘'l'-
837 2620 907 2648 (frey.
931 2619 965 2643 Μ,
987 2620 1012 2642 S.
1036 2619 1108 2642 Mart.
1134 2620 1154 2648 Ι,
1173 2620 1206 2642 23
1310 2620 1392 2642 uictae
1413 2619 1434 2641 1¹
1538 2618 1552 2641 ἱ)
1572 2619 1695 2648 prodeunt
1716 2618 1744 2640 ΡΙ
1853 2618 1879 2642 11
1901 2617 1952 2640 cul-

337 2660 423 2687 pabilis
442 2660 470 2682 1¹¹
615 2661 642 2683 123
664 2662 733 2684 uellit
756 2662 781 2690 1’,
804 2664 859 2684 item
879 2663 947 2691 Infra
1089 2662 1118 2686 14
1138 2663 1254 2685 distituto
1275 2663 1296 2685 P
1436 2662 1466 2684 15
1487 2663 1568 2692 ipsum
1588 2665 1701 2684 sanctum
1721 2662 1916 2685 intercedentem
1936 2660 1956 2683 P

340 2702 366 2724 17
388 2710 486 2725 concere
508 2703 534 2725 Ρ1
644 2704 672 2726 la
693 2703 749 2736 nec]
772 2705 815 2727 1¹11*
920 2705 951 2728 22
972 2706 1131 2729 moruiunnm
1149 2707 1168 2727 (i
1274 2705 1304 2728 225
1325 2706 1435 2735 panici-ze
1453 2707 1473 2727 (ι’
1579 2704 1610 2728 24
1630 2706 1672 2734 qui
1692 2711 1776 2728 οσον-ν.
1795 2704 1816 2726 Ρ
1917 2701 1953 2735 et]

338 2746 374 2767 uel
393 2744 423 2765 1ι”-’
527 2746 558 2768 25»
578 2748 696 2769 concita-ni
714 2747 733 2769 1¹
836 2748 867 2771 25
888 2752 1034 2778 premuntur
1051 2748 1071 2770 1¹
1174 2750 1206 2771 30
1226 2752 1281 2778 post
1296 2749 1347 2777 ipso
1364 2750 1384 2769 (ι’
1490 2747 1520 2770 ΖΗ
1541 2748 1632 2770 donum
1648 2748 1668 2769 I'
1774 2747 1873 2770 XXXII
1892 2748 1948 2770 ante

339 2789 398 2810 illud
422 2789 440 2809 Ι’
542 2790 572 2810 255,
593 2795 702 2819 matrone
724 2790 750 2812 Ι’1
859 2792 889 2813 Il)
909 2792 1028 2814 diuturno
1050 2791 1070 2813 1¹
1173 2791 1200 2814 -11
1226 2793 1298 2814 missa
1322 2791 1349 2814 1¹¹

1967 712 1994 731 10

1968 969 1997 989 15

1967 1227 1996 1247 20

1970 1485 2000 1505 25

1971 1743 2000 1763 ³0

1971 2002 2000 2021 ³5

1972 2258 1999 2278 ⁴0
