2038 3036
217 235 304 266 XVII

198 593 303 624 xrlu

221 1417 300 1448 XIX

236 1986 297 2016 XX

329 144 368 172 32
932 138 1099 166 VENANTI
1119 138 1338 166 Fon'rva'rl

420 238 477 274 ¹:²7.
511 236 586 266 Item
619 234 692 265 dum
724 233 881 273 «praedam
914 233 1027 264 mulier
1056 238 1184 273 arrepta
1213 243 1232 264 a
1264 234 1405 274 maligno
1436 235 1565 276 spiritu,
1600 246 1634 267 se
1665 236 1850 268 beatissimo
1882 237 1948 269 viro

329 287 443 318 Albino
475 286 650 316 vociferans
681 289 710 315 et
740 284 885 315 heiulans
911 288 1162 324 praesentasset.
1197 295 1268 316 mox
1292 285 1497 317 adversarius
1520 286 1588 327 ipse
1613 297 1707 328 supra
1731 288 1800 319 eius
1824 288 1948 320 oculum

329 339 358 369 in
391 337 628 368 similitiulinem
662 335 786 366 vesicae
818 335 1014 374 sanguineae
1046 345 1079 366 se
1111 335 1251 375 collegit.
1306 338 1354 367 215
1393 337 1482 368 Tune
1513 338 1653 378 pontifex
1679 338 1799 370 faciens
1823 339 1948 380 signum

328 389 427 420 crucis
453 387 626 428 increparit
650 397 738 418 eum.
767 386 892 417 dicens:
931 386 1077 418 Inimice.
1105 387 1231 418 oculum
1255 398 1348 428 quem
1374 398 1434 420 non
1458 388 1577 420 dedisti
1601 400 1658 421 nec
1682 390 1785 431 possis
1808 390 1946 423 auferre.

328 441 397 470 Mox
428 439 467 470 «Ie
499 438 684 469 collectione
716 437 784 478 ipsa
815 437 846 468 in
880 436 1078 469 tlebotomiac
1109 438 1351 470 similitudinem
1383 440 1542 472 suthIiter
1571 441 1703 481 sanguis
1733 442 1852 483 erupit,
1888 453 1949 483 quo

327 491 441 522 tinente
477 490 544 521 sinc
581 489 721 520 laesione
757 488 838 519 oculi
876 489 1046 520 inmundus
1082 489 1182 521 hostis
1216 491 1346 522 evanuit
1377 495 1408 522 et
1439 492 1547 532 puella
1578 492 1742 524 incolomis
1773 493 1949 535 imperante

327 542 417 580 signo
441 541 541 572 crucis
566 540 679 571 evasit.

418 594 467 631 με)
506 592 569 623 Sed
593 596 623 623 ct
649 592 706 622 hoe
729 591 1002 629 magnanimitatis
1026 592 1207 633 exemplum
1232 596 1420 634 oportunum
1445 594 1569 626 ducitur
1591 595 1832 637 explicandum.
1865 597 1949 637 quod

326 655 379 685 pro
410 643 461 674 dei
494 643 618 681 negotio
649 642 735 684 apud
767 653 837 674 cnm
869 654 930 674 non
964 643 1058 675 fuerit
1090 644 1156 675 ulla
1188 654 1297 684 regum
1331 649 1556 686 potentumque
1587 647 1765 687 personalis
1791 649 1945 689 acceptio.

328 695 468 734 Denique
500 694 541 725 ad
572 694 730 725 cumulum
763 694 913 726 caelestis
944 695 1068 734 gratiae
1100 695 1349 735 conquIrendum
1380 696 1573 728 incestarum
1605 698 1785 739 nuptiarum
1816 709 1948 731 execra-

325 747 404 777 biles
428 746 647 787 copulationes
671 745 737 776 iure
761 746 1017 787 condempnans.
1049 746 1176 778 beatum
1202 747 1375 779 Iohannem
1400 748 1728 790 inreprehensibiliter
1749 750 1944 782 imitabatur.

328 801 384 827 (51st
417 802 540 836 Quanta
572 808 644 829 vcro
676 797 748 829 inde
781 797 984 836 sustinuerit,
1020 798 1127 829 nullus
1157 798 1253 839 digne
1283 799 1398 840 poterit
1427 800 1606 841 explicare:
1642 801 1799 842 siquidem
1829 807 1949 844 martyr

324 850 406 880 estivi
432 854 572 891 cuperet.
601 849 626 880 si
652 860 713 880 non
737 849 894 881 defuisset
917 849 1049 881 dextera
1074 850 1278 891 percussoris,
1308 850 1364 882 sed
1389 852 1496 892 procul
1522 852 1618 884 dubio
1642 853 1782 894 palmam
1804 854 1947 895 martyrii

324 902 435 932 meruit
463 902 515 941 qui
548 901 610 932 voti
641 901 803 932 desideria
833 911 894 932 non
925 901 1103 933 abscondit.
1157 904 1215 942 (51)
1247 902 1336 934 Vnde
1369 907 1495 944 praeter
1525 903 1651 936 labores
1682 905 1821 945 reliquos
1851 905 1946 937 etiam

324 963 378 994 per
409 952 549 994 synodos
582 963 636 993 pro
668 952 737 993 ipsa
770 962 867 984 cansa
900 953 1028 994 saepius
1059 953 1213 985 excitatas
1245 964 1433 995 excurrens.
1467 955 1509 986 ad
1541 959 1732 996 postremum
1757 966 1850 997 quam
1875 957 1947 998 plu-

324 1004 402 1035 rium
435 1004 652 1045 episcoporum
684 1003 877 1036 iniunctione
908 1008 942 1036 ut
965 1005 1253 1037 excommunicatas
1277 1016 1296 1037 a
1320 1016 1355 1038 se
1379 1016 1532 1047 personas
1555 1007 1736 1040 absolveret
1757 1008 1787 1039 ri
1813 1008 1945 1040 fratrum

323 1060 449 1087 coactns
473 1059 530 1087 cst.
584 1057 632 1095 (52
673 1055 711 1086 Et
734 1066 804 1087 enm
829 1060 1010 1096 rogaretur.
1039 1061 1073 1088 ut
1096 1057 1251 1097 eulogias.
1280 1067 1360 1098 (luas
1384 1058 1496 1098 reliqui
1522 1059 1688 1091 antestites
1711 1059 1753 1090 ad
1778 1070 1946 1101 personam

323 1108 540 1139 comnmnione
571 1118 759 1148 suspensam
792 1107 967 1148 dirigentes
991 1108 1240 1147 benedixerant,
1274 1113 1305 1140 et
1328 1109 1397 1150 ipse
1421 1110 1580 1150 signaret.
1615 1111 1660 1142 ait
1682 1111 1724 1142 ad
1747 1111 1945 1144 sacerdotale

322 1159 503 1190 concilium:
534 1159 601 1190 Etsi
625 1158 666 1190 ad
691 1159 856 1200 imperium
882 1164 1021 1191 vestrum
1046 1170 1106 1201 ego
1130 1161 1258 1201 signare
1283 1161 1460 1202 conpellor,
1488 1161 1562 1193 dum
1587 1172 1643 1195 vos
1667 1172 1795 1195 causam
1820 1163 1871 1195 dei
1895 1173 1946 1195 re—

322 1211 438 1242 cusatis
463 1211 652 1250 defendere,
680 1211 749 1252 ipse
773 1215 885 1252 potens
909 1215 957 1243 est
980 1212 1155 1244 vindicare.
1219 1214 1267 1253 53)
1297 1214 1366 1251 Quo
1390 1213 1490 1253 facto,
1525 1217 1695 1255 antequam
1720 1215 1865 1256 eulogias
1889 1225 1945 1246 ex-

321 1263 549 1294 communicata
582 1273 717 1304 persona
746 1263 779 1294 in
812 1274 865 1295 ore
896 1264 1089 1305 susciperet,
1126 1264 1301 1305 expiravit,
1335 1268 1366 1296 et
1390 1265 1575 1306 priusquam
1600 1266 1730 1307 portitor
1752 1267 1942 1308 perveniret,

323 1324 425 1345 sermo
450 1315 623 1347 sacerdotis
648 1315 792 1354 obtinuit,
820 1315 874 1356 qui
897 1316 995 1348 etiam
1019 1316 1060 1347 ad
1084 1316 1211 1348 beatum
1237 1317 1422 1348 Caesarium
1440 1317 1660 1349 Arelatensem
1684 1319 1866 1359 praesulem
1889 1328 1945 1360 pro

321 1366 391 1407 ipsa
416 1377 513 1398 cansa
537 1367 737 1398 consulturus
761 1367 905 1398 occurrit.

418 1419 474 1458 ι54)
503 1418 567 1450 sed
591 1419 665 1458 quia
689 1419 757 1450 eius
781 1418 909 1459 singula
931 1429 993 1450 non
1016 1419 1161 1451 valemus
1187 1423 1341 1459 retexere,
1373 1420 1512 1451 sufficiat
1535 1420 1575 1452 de
1598 1421 1744 1462 plurimis
1767 1421 1818 1453 vel
1842 1432 1945 1463 pauca

321 1469 451 1501 dixisse.
502 1470 584 1501 Illud
616 1480 740 1510 quoque
764 1470 943 1502 beatissimi
966 1471 1181 1502 testimonium
1205 1471 1341 1503 viventis
1365 1475 1437 1513 post
1460 1472 1578 1504 obitum
1602 1473 1816 1504 necessarium
1841 1473 1944 1505 credi-

320 1532 390 1553 mus
422 1532 497 1563 prae
527 1522 641 1554 ceteris
670 1522 913 1563 explicandum.
948 1522 1023 1563 quia
1053 1523 1127 1555 licet
1157 1526 1303 1555 teneatur
1333 1524 1477 1555 clausum
1510 1534 1622 1566 eorpus
1654 1524 1723 1556 eius
1753 1524 1785 1556 in
1808 1525 1939 1565 tumulo,

321 1578 460 1605 attamen
492 1573 566 1605 iusti
597 1573 722 1605 animae
754 1584 875 1606 merces
907 1575 1094 1607 exuberavit
1123 1575 1156 1606 in
1186 1575 1334 1607 fructum.
1388 1577 1446 1616 (55)
1477 1576 1579 1617 Igitur
1609 1586 1678 1608 eum
1710 1579 1838 1608 sanctus
1863 1577 1944 1609 Ger-

320 1635 432 1656 manus
467 1625 634 1666 episeopus
668 1625 719 1656 vel
751 1626 1026 1667 conprovinciales
1057 1637 1095 1658 ae
1125 1627 1267 1668 pontifex
1298 1637 1464 1659 successor
1495 1627 1563 1659 eius
1594 1632 1625 1660 et
1655 1628 1792 1669 populus
1823 1629 1944 1660 vellent

320 1677 459 1708 membra
491 1676 591 1708 sancti
623 1677 654 1708 in
686 1687 799 1708 novam
830 1677 996 1709 basilicam
1029 1678 1141 1710 devote
1166 1682 1371 1720 transponere
1396 1682 1427 1710 et
1450 1683 1578 1720 propter
1600 1680 1737 1712 cellulae
1761 1680 1942 1721 angustiam

319 1728 351 1759 in
383 1739 444 1769 qua
476 1728 621 1760 conditus
652 1728 755 1760 fuerat
785 1739 847 1761 non
875 1729 1004 1761 daretur
1027 1730 1109 1761 sacri
1133 1730 1273 1771 corporis
1297 1731 1487 1762 extrahendi
1510 1731 1656 1771 licentia.
1691 1731 1811 1763 cunctis
1834 1732 1942 1764 haesi-

319 1780 458 1811 tantibus
483 1784 514 1812 et
536 1780 664 1812 incertis
687 1780 763 1821 quid
787 1784 937 1821 agerent.
969 1781 1053 1813 euris
1077 1781 1285 1822 popularibus
1309 1791 1343 1813 se
1367 1781 1467 1813 virtus
1490 1782 1667 1814 beatissimi
1691 1783 1750 1814 viri
1774 1783 1941 1815 mediatrix

318 1831 488 1863 interserit.
543 1834 598 1866 ,56
630 1832 712 1862 Nam
737 1832 980 1873 expectantibus
1004 1833 1150 1865 omnibus
1174 1837 1205 1865 et
1229 1833 1306 1864 nihil
1331 1833 1601 1873 deliberantibus.
1636 1838 1768 1876 repente
1790 1839 1868 1867 nutu
1893 1835 1942 1867 di-

319 1883 391 1914 vino
421 1883 554 1915 discisso
585 1884 707 1925 pariete
738 1884 874 1916 cellulae
903 1884 957 1925 qui
989 1888 1057 1916 erat
1087 1884 1128 1916 ad
1160 1885 1259 1926 pedes
1283 1885 1369 1925 eius⁷
1404 1896 1423 1916 a
1447 1890 1535 1926 parte
1558 1886 1705 1918 orientali
1728 1890 1792 1918 tres
1817 1886 1941 1928 lapides

321 1934 515 1966 deciderunt.
545 1935 667 1967 scilicet
690 1935 764 1967 dato
790 1936 891 1976 signo.
918 1946 975 1977 per
997 1937 1125 1977 qualem
1150 1937 1253 1968 locum
1278 1947 1312 1968 se
1335 1936 1459 1969 iuberet
1482 1938 1574 1969 educi
1598 1948 1703 1979 posse.

416 1989 469 2025 ,Τι’Δ
500 1987 626 2018 Interea
650 1987 731 2019 facto
755 1987 854 2027 aditu,
883 1987 956 2019 dum
981 1991 1153 2020 concentus
1176 1989 1382 2030 psallentium
1405 1989 1447 2020 ad
1471 1993 1615 2021 sanetum
1640 1990 1842 2030 sepulchrum
1867 1999 1940 2031 pro-

318 2038 477 2077 greditur.
514 2039 544 2069 in
577 2039 644 2069 Ioco
675 2049 730 2079 per
761 2049 854 2079 quem
879 2042 927 2071 est
950 2039 1083 2071 eductus
1106 2040 1213 2081 palam
1236 2043 1301 2072 tres
1324 2040 1494 2081 paralytici
1517 2041 1580 2072 iam
1605 2041 1659 2073 diu
1684 2041 1844 2083 desperati
1867 2041 1941 2073 red-

319 2090 374 2121 diti
400 2094 473 2121 sunt
497 2090 625 2122 sanitati
649 2101 685 2121 ac
710 2091 797 2122 nervi
822 2092 1013 2132 praemortui
1038 2092 1189 2123 vivificari
1214 2092 1393 2124 didicerunt
1417 2092 1456 2124 de
1476 2092 1596 2124 meritis
1613 2093 1742 2134 sepulti,
1770 2092 1939 2134 statimque

319 2141 380 2172 duo
411 2142 497 2173 caeci
528 2146 601 2173 sunt
631 2142 748 2183 pariter
777 2143 955 2175 inluminati
987 2144 1116 2175 tandem
1147 2143 1320 2184 aliquando
1346 2148 1509 2176 sumentes
1533 2144 1654 2176 lumina
1677 2144 1740 2176 diei
1765 2145 1804 2176 ab
1828 2144 1940 2176 umbra

319 2192 469 2224 defuncti.
498 2194 643 2225 nimirum
667 2198 878 2234 agnoscentes
902 2195 970 2227 eius
995 2195 1188 2227 adminiculo
1214 2206 1248 2227 se
1272 2206 1366 2237 posse
1390 2196 1497 2227 lumen
1522 2195 1683 2236 consequi,
1711 2196 1802 2227 cuius
1825 2195 1939 2228 virtute

319 2245 473 2284 potuisset
496 2245 603 2285 paries
627 2245 805 2277 fenestrari.
860 2248 917 2287 358)
948 2247 1007 2277 His
1031 2251 1062 2278 et
1085 2247 1352 2287 consequentibus
1376 2247 1510 2279 infinitis
1533 2247 1712 2286 miraculis,
1741 2247 1801 2279 etsi
1825 2247 1938 2279 summi

318 2296 475 2336 pontitieis
506 2297 647 2328 membra
677 2298 831 2330 recubant
860 2298 891 2329 in
923 2299 1118 2340 sepulchris.
1152 2303 1292 2330 attamen
1323 2309 1379 2340 per
1409 2299 1559 2331 creatoris
1590 2299 1725 2339 gratiam
1753 2299 1785 2330 in
1809 2302 1938 2331 aeterna

318 2348 445 2379 saccula
477 2348 587 2380 vivunt
617 2349 729 2380 merita
759 2350 959 2381 confessoris.
1013 2351 1072 2390 (595
1103 2350 1161 2383 Hic
1192 2351 1299 2391 itaque
1331 2351 1461 2382 caelesti
1488 2351 1569 2382 dono
1592 2351 1785 2382 venerandis
1808 2350 1937 2382 floribus

317 2399 505 2431 adornatus.
541 2400 654 2439 viginti
685 2401 776 2432 annis
800 2406 831 2433 et
855 2411 911 2433 sex
937 2403 1100 2434 mensibus
1123 2402 1338 2444 pontificalem
1362 2403 1485 2444 apicem
1510 2402 1727 2434 ecclesiastiea
1750 2401 1938 2443 regulariter

404 2495 428 2518 lI
453 2497 528 2525 Apoc.
554 2496 591 2521 lt),
614 2497 636 2519 2.

402 2573 415 2593 ι’.
436 2574 540 2595 fleotomi
563 2573 582 2595 12*
714 2574 738 2597 ll
762 2574 957 2607 condempnans]
976 2575 1008 2604 cs'.
1031 2583 1098 2599 conc.
1120 2576 1206 2599 Aur-cl.
1230 2576 1282 2605 ΙΙΙ,
1304 2583 1322 2600 e.
1349 2577 1395 2598 10:
1416 2575 1446 2598 de
1466 2576 1568 2599 incestis
1587 2576 1802 2599 coniunctionibus
1821 2576 1855 2598 ita
1873 2580 1936 2605 quae

316 2620 374 2638 snnt
394 2619 485 2638 >tituta
504 2620 635 2639 seruentur
772 2618 798 2641 ll
821 2616 884 2649 noti]
908 2619 927 2641 la*
945 2626 999 2641 rum
1019 2619 1100 2645 Surio,
1123 2620 1202 2642 uetita
1224 2618 1288 2642 Malu.
1424 2618 1454 2642 27
1476 2625 1607 2647 germanus
1626 2617 1770 2651 episcopus]
1789 2619 1934 2648 parisiorum

316 2659 371 2681 mIJI.
395 2659 496 2685 Sarius.
524 2667 652 2689 germanus
673 2661 876 2690 parisiacensium
896 2663 1024 2692 episcopus
1046 2661 1123 2692 Alata,
1151 2661 1186 2691 cf.
1208 2662 1313 2685 elmi-tum
1335 2661 1429 2692 Ncfinyi
1448 2670 1470 2685 (ι.
1494 2663 1551 2685 972.
1585 2662 1668 2685 (lutam
1691 2662 1765 2691 (Gau.
1790 2661 1842 2684 (vir.
1864 2660 1931 2691 XIV,

317 2703 383 2724 [nar.
405 2710 430 2731 p.
454 2703 526 2730 Ηῖμ
548 2703 625 2726 sriant
647 2704 721 2728 igitur
741 2711 894 2727 successores
916 2706 992 2728 nostrl
1012 2705 1139 2728 ecclesiam
1160 2706 1238 2728 sancti
1257 2705 1348 2733 albini,
1369 2712 1432 2735 quae
1451 2713 1464 2727 a
1483 2708 1565 2728 sancto
1585 2712 1699 2733 germano
1718 2705 1861 2736 parisiorum
1880 2704 1933 2734 epi-

316 2752 387 2774 scopo
407 2745 534 2767 uoluntate
553 2749 577 2767 et
598 2747 699 2775 imperio
718 2747 864 2770 childeberti
886 2749 948 2777 regis
968 2751 1026 2771 ante
1046 2752 1138 2777 portum
1158 2749 1340 2777 andeganensis
1355 2749 1422 2771 urbis
1437 2755 1525 2771 uersus
1539 2749 1659 2772 orientem
1674 2748 1775 2772 fundata
1789 2750 1827 2772 est
1839 2755 1858 2772 e.
1875 2755 1896 2778 q.
1911 2753 1931 2771 ο.

316 2788 347 2809 :Il-s
366 2788 413 2809 dno
433 2787 508 2819 sumai]
531 2789 550 2810 Ι·,”
567 2792 587 2810 ce
609 2790 705 2818 surina,
727 2789 854 2813 dnmlecini
877 2790 941 2814 Mab.
1049 2791 1080 2814 415
1102 2789 1157 2823 sex]
1176 2795 1271 2822 septeni
1298 2792 1315 2814 Υ

1970 710 1998 730 10

1969 968 1997 988 15

1965 1225 1994 1246 2⁰

1963 1484 1993 1504 25

1962 1742 1990 1762 3⁰

1959 2000 1988 2021 ³⁵

1956 2258 1985 2278 «In
