2038 3036
263 586 289 616 11

242 1203 284 1234 lll

241 1719 281 1749 IV

323 136 361 165 25
924 128 1092 155 VBNANTI
1112 127 1329 154 Foss'rva'rl

321 229 359 260 ule
390 228 601 259 saeratissimo
632 226 696 256 viro
720 226 835 256 Albino
865 229 968 255 restro
997 222 1146 254 antestite
1178 232 1233 253 vos
1266 222 1379 253 fecisse
1410 222 1547 254 tenuiter
1570 222 1779 260 mentionem,
1814 226 1848 254 ut
1869 222 1938 254 eins

322 281 401 311 rita.
434 290 514 320 qnae
545 276 850 309 inmarcescibilibus
881 275 1000 306 meritis
1032 273 1141 304 tlorere
1174 273 1323 314 probatur
1353 273 1546 305 caelestibus
1576 274 1721 315 inpressa
1751 274 1869 306 libellis
1895 274 1936 306 ad

319 331 568 362 ae‹1iri‹·:iti‹›m·1n
603 328 705 370 plebis
736 327 881 358 humanis
912 326 1007 356 etiam
1037 325 1097 356 lixa
1122 324 1312 356 conderetur
1335 324 1365 355 in
1390 324 1526 356 chartis:
1561 325 1680 366 duplici
1704 325 1858 357 beneficio
1882 336 1937 366 po-

320 383 401 423 pulis
433 381 644 411 consulimra.
678 379 751 410 dnm
783 383 813 409 et
844 378 875 408 in
906 377 961 408 illo
993 381 1157 407 cernerent
1188 376 1378 407 admiranda
1401 386 1482 416 quae
1507 376 1647 408 colerent
1669 381 1701 409 et
1724 377 1754 408 in
1779 387 1812 408 se
1837 377 1937 418 respi-

318 438 421 463 cerent
446 432 528 471 quod
554 430 769 470 uniusquisque
794 428 953 468 sagaciter
975 427 1169 459 emendaret.
1198 427 1229 458 id
1253 431 1302 458 est
1325 427 1399 459 dum
1423 428 1509 469 apud
1534 438 1629 459 unum
1653 433 1697 461 tot
1721 428 1937 470 praedicanda

317 488 558 523 cognoscerent,
593 482 677 523 apud
702 491 735 511 se
761 490 904 511 resecare
929 479 1003 510 vitia
1028 479 1146 519 singuli
1171 489 1232 510 non
1257 479 1437 514 differrent,
1465 483 1624 519 quatenus
1648 484 1711 512 tam
1736 480 1829 512 unica
1852 481 1937 513 beati

318 536 373 566 siri
399 535 509 565 relatio
534 533 670 564 medella
696 531 823 573 publica
848 531 934 562 tieret
959 530 1168 562 audientium.

417 590 432 616 2
473 585 660 623 intellegitis
684 594 760 614 sane
785 583 935 614 velociter
959 582 1118 621 fugientes
1142 592 1161 613 a
1185 582 1312 613 sacculo
1337 582 1506 614 memoriae
1531 583 1669 625 subripi,
1701 587 1733 615 et
1755 583 1783 615 si
1807 584 1847 615 de
1872 584 1937 616 vita

315 637 504 669 sain-tissimi
537 636 748 674 neglegantur
777 634 885 674 aliqua
916 634 977 665 cito
1003 634 1130 674 lapsura
1156 633 1268 665 litteris
1292 634 1437 674 alligari,
1473 644 1534 665 non
1559 635 1652 666 facile
1677 645 1787 667 rursus
1810 636 1843 667 in
1865 636 1936 667 ani-

316 701 397 720 nnnn
431 688 526 728 recipi
559 687 641 727 qumi
674 686 771 718 semel
805 685 957 726 inceperit
988 685 1146 717 oblivione
1178 685 1328 726 temporis
1359 685 1529 718 invadente
1561 686 1706 718 subduci.
1767 689 1803 725 33,
1834 687 1936 718 liuius

315 742 358 772 rei
389 741 530 781 inpulsnr
561 739 687 779 quidam
718 737 915 779 postmodum
948 737 1099 768 mandata
1129 741 1255 769 vestrae
1279 737 1488 769 beatitudinis
1511 748 1673 778 exequens
1697 750 1715 770 a
1739 749 1789 771 me
1813 739 1841 770 si
1864 739 1935 780 qni-

313 792 383 823 dein
422 801 593 822 anuuerem
625 789 950 829 ine«›nperemlinatim
982 788 1014 819 id
1047 789 1113 820 tieri
1144 788 1311 829 flagitarit.
1371 788 1454 820 lllud
1484 799 1558 820 vero
1589 789 1748 829 adiciens,
1791 794 1823 822 ut
1853 801 1934 832 quae

314 845 380 885 ipse
413 843 451 874 de
484 842 583 881 gestis
615 841 715 872 saneti
749 841 806 871 riri
831 840 938 871 Albini
968 840 1058 871 iuxta
1089 840 1182 872 tidem
1207 845 1395 882 conpererat
1418 851 1454 872 co
1478 841 1659 873 insinuante
1683 841 1936 874 indubitabiliter

314 895 522 936 p1···pal:n·eni.
553 894 582 924 in
608 893 664 923 lnw
689 903 721 923 se
747 892 848 932 magis
873 892 1140 932 querimoniarum
1165 892 1247 924 mole
1271 893 1450 924 conficiens.
1479 904 1516 925 eo
1539 893 1622 934 quod
1646 904 1727 934 quae
1752 893 1934 935 praedictus

313 948 359 978 vir
386 946 507 977 occulte
538 945 665 985 quidem
698 945 753 975 sed
786 943 883 983 digna
909 944 1010 974 relatu
1033 947 1179 984 gesserat
1202 954 1258 985 per
1281 944 1424 976 veritatis
1448 945 1633 985 indaginem
1658 955 1715 977 nee
1739 945 1780 976 ad
1804 955 1843 976 ea
1866 945 1931 976 sin—

311 999 386 1037 gula
418 997 565 1028 meruerit
597 996 760 1037 pervenire
791 999 821 1026 et
851 995 959 1036 aliqua
991 1006 1024 1027 se
1055 995 1094 1027 de
1125 995 1260 1035 cognitis
1292 1001 1481 1028 memoraret
1511 1006 1530 1027 a
1562 996 1715 1028 memoria
1738 996 1929 1028 abolevisse.

333 1053 353 1088 Ι]
384 1050 417 1080 In
449 1049 497 1079 liis
527 1052 632 1079 antem
664 1047 716 1087 qui
748 1047 892 1078 meminit
922 1047 990 1078 sine
1018 1047 1228 1087 ambignitate
1253 1058 1310 1078 suo
1332 1048 1514 1079 testimonio
1537 1048 1690 1089 populum
1715 1047 1805 1079 nobis
1828 1047 1934 1080 attulit

310 1105 538 1131 assentantem.
566 1110 635 1130 cum
661 1103 744 1130 certe
769 1098 808 1130 de
833 1098 901 1130 eius
924 1099 1104 1139 praeteritis
1128 1098 1273 1130 dubitare
1297 1109 1359 1130 non
1382 1099 1478 1131 liceat
1501 1099 1554 1139 qui
1578 1103 1726 1141 operatur
1747 1099 1781 1130 in
1797 1098 1932 1140 siugulis

309 1152 423 1183 cotidie
449 1151 594 1182 clariora.

411 1206 428 1231 ἴ,
468 1202 714 1242 Congu-atulatus
746 1212 814 1232 sum
846 1202 990 1241 relatori,
1026 1212 1062 1233 eo
1091 1202 1177 1242 quod
1208 1202 1248 1234 de
1278 1203 1393 1234 vestris
1423 1202 1624 1235 nutrimentis
1654 1203 1729 1234 talis
1752 1202 1800 1234 vir
1822 1201 1931 1234 adole-

309 1254 405 1287 verit.
442 1254 493 1294 qni
524 1254 664 1284 iniuncta
696 1253 756 1284 sibi
787 1257 850 1284 tam
883 1257 1011 1285 strenue
1036 1257 1197 1295 peroraret
1221 1258 1252 1286 et
1276 1254 1315 1286 dc
1339 1255 1467 1296 proprio
1490 1254 1612 1295 aliquid
1636 1266 1733 1287 causa
1756 1256 1931 1288 venustatis

308 1316 368 1337 non
399 1306 637 1346 incmrpetenter
666 1305 808 1342 offerret,
840 1305 936 1336 immo
961 1305 1100 1337 dilucide
1124 1305 1192 1346 ipse
1216 1316 1273 1347 per
1296 1316 1330 1338 se
1353 1307 1439 1346 quod
1462 1307 1592 1339 aliunde
1617 1311 1807 1348 poposcerat
1829 1307 1931 1349 expli-

308 1361 402 1388 caret.
452 1357 486 1387 si
517 1356 644 1396 quidem
676 1356 831 1397 quidquid
861 1357 900 1388 de
931 1357 987 1388 illo
1019 1357 1159 1397 elicitur,
1195 1357 1310 1389 vestris
1340 1358 1399 1390 hoc
1429 1359 1608 1399 praeconiis
1631 1358 1817 1400 deputatur,
1853 1369 1930 1400 quo—

307 1409 390 1440 niam
423 1413 469 1439 est
500 1408 644 1439 meritum
676 1408 819 1448 magistri
849 1409 920 1439 laus
951 1408 1100 1449 discipuli
1124 1413 1155 1440 et
1178 1409 1313 1441 ministri
1337 1410 1451 1442 solatia
1474 1414 1548 1442 sunt
1570 1410 1710 1451 pontifici
1733 1415 1926 1443 ornamento.

322 1464 339 1488 ιῐ
379 1460 469 1498 Quod
501 1470 570 1491 cum
599 1470 658 1499 ego
683 1470 772 1490 meae
797 1460 981 1500 exiguitatis
1005 1460 1150 1491 conscius
1174 1461 1332 1501 attingere
1354 1461 1562 1502 trepidarem,
1598 1472 1631 1494 re
1656 1472 1731 1493 vera
1754 1462 1807 1503 qui
1831 1472 1929 1495 nove-

307 1512 364 1543 rim
396 1512 454 1543 boe
485 1511 600 1542 debere
632 1511 783 1542 committi
811 1511 929 1543 exertis
952 1512 1097 1552 ingenio,
1134 1512 1281 1544 facundis
1305 1513 1448 1553 eloquio,
1483 1513 1606 1545 devotis
1631 1513 1754 1551 officio,
1789 1515 1930 1556 probatis

307 1564 393 1594 stilo.
423 1563 474 1603 qui
501 1567 572 1593 sunt
596 1572 691 1594 sensu
715 1562 847 1594 divites,
877 1563 1006 1603 linguae
1031 1567 1099 1595 rota
1121 1567 1294 1603 torrentes,
1324 1564 1479 1597 famulatu
1504 1565 1642 1602 celeres,
1675 1566 1814 1598 carmine
1837 1577 1929 1599 eoru-

306 1620 449 1646 ¹<cantes
485 1625 552 1645 cum
585 1619 656 1646 ante
688 1619 825 1646 vestram
858 1614 1002 1655 peritiam
1033 1615 1103 1656 ipsa
1127 1615 1290 1647 Ciceronis
1320 1620 1355 1648 ut
1377 1617 1520 1658 suspicor
1543 1617 1669 1658 eloquia
1693 1622 1855 1650 currerent
1876 1618 1928 1650 vix

306 1676 427 1697 ¹secura.
455 1671 484 1697 et
509 1666 557 1697 cni
582 1665 668 1706 apud
692 1666 864 1697 Caesarem
890 1667 989 1698 Roma
1012 1667 1136 1707 aliquid
1161 1667 1344 1716 delixberans
1361 1668 1550 1708 Aquitanico
1574 1669 1680 1701 indice
1700 1670 1833 1701 forsitam
1851 1670 1928 1702 Gal-

307 1717 378 1747 liam
405 1717 602 1751 t'ormidaret,
632 1718 837 1757 incongruum
861 1728 933 1749 esse
958 1718 1115 1759 persensi.
1146 1718 1150 1761 Ι
1177 1719 1262 1759 qnod
1286 1730 1304 1750 a
1329 1730 1378 1751 me
1403 1720 1484 1751 infra
1509 1720 1670 1753 doctorum
1695 1722 1833 1762 vestigia
1855 1721 1927 1754 lati-

304 1773 389 1799 tante
423 1779 472 1799 res
502 1769 567 1800 alta
592 1769 820 1808 requireretur.
857 1780 950 1809 quem
975 1769 1017 1801 ad
1041 1770 1199 1802 scribendi
1224 1771 1338 1803 seriem
1362 1782 1420 1803 nee
1442 1776 1557 1803 natura
1580 1773 1734 1814 profluum
1759 1783 1817 1805 nec
1840 1773 1926 1806 litte—

306 1824 409 1850 ratura
436 1820 606 1851 facundum
632 1831 688 1851 nec
712 1821 781 1861 ipse
808 1831 1035 1862 usquequaque
1061 1832 1136 1853 usus
1161 1822 1266 1854 reddit
1289 1823 1482 1864 expeditum,
1512 1834 1581 1855 cnm
1607 1825 1667 1856 etsi
1684 1828 1755 1856 voto
1771 1825 1922 1865 traherer,

305 1871 349 1902 rei
375 1872 593 1911 magnitudine
619 1871 804 1907 deterrerer,
833 1872 907 1912 quia
931 1873 1108 1905 radiantem
1134 1874 1230 1905 vitam
1256 1875 1281 1905 si
1307 1875 1388 1915 pigri
1413 1875 1558 1907 relatoris
1582 1876 1685 1917 impar
1708 1877 1819 1917 lingua
1835 1887 1926 1918 prae-

304 1923 388 1954 dicat
418 1923 574 1954 obsoletat
603 1927 634 1954 et
657 1924 740 1963 quod
764 1924 955 1956 inluminare
980 1925 1090 1956 debuit
1115 1925 1174 1956 hoc
1198 1926 1281 1958 nube
1306 1927 1462 1959 sermonis
1486 1927 1667 1967 abscondit,
1703 1928 1756 1959 ubi
1779 1932 1926 1969 ageretur

303 1974 438 2012 rectius,
472 1974 497 2004 si
530 1985 610 2014 quae
643 1975 681 2005 ab
713 1975 785 2006 aliis
818 1975 948 2016 poscitis
979 1976 1048 2017 ipse
1080 1976 1229 2008 ederetis.
1283 1979 1320 2018 (7)
1349 1979 1439 2011 Vnde
1471 1983 1576 2011 certus
1605 1980 1758 2021 intellego
1785 1990 1847 2012 non
1870 1990 1924 2012 vos

303 2035 395 2065 posse
421 2025 599 2057 huiusmodi
624 2027 771 2067 quopiam
796 2027 952 2068 indigere,
981 2028 1038 2059 sed
1062 2028 1094 2059 id
1119 2029 1259 2061 voluisse
1284 2033 1318 2061 nt
1342 2030 1381 2062 de
1406 2031 1584 2072 peregrinis
1601 2031 1697 2063 etiam
1713 2035 1821 2064 nostra
1837 2032 1924 2064 vobis

302 2076 423 2116 aliquid
453 2077 581 2108 sitarcia
612 2088 672 2109 non
697 2082 845 2119 negaret,
880 2079 968 2111 velut
992 2080 1017 2111 si
1042 2080 1210 2121 quicquam
1234 2081 1316 2113 inter
1339 2082 1448 2123 fruges
1471 2082 1611 2115 triticeas
1635 2083 1812 2115 sterilitatis
1836 2093 1924 2116 meae

302 2126 437 2158 ordiatia
458 2129 629 2160 conferant.
684 2132 710 2167 {S
750 2130 841 2161 Nunc
864 2131 970 2171 itaque
995 2141 1111 2163 causas
1135 2132 1356 2173 ambiguitatis
1380 2133 1411 2164 in
1435 2134 1556 2166 arbitrii
1575 2138 1693 2166 statera
1710 2135 1917 2176 suspendens,

302 2178 385 2217 eligo
417 2179 551 2212 rusticus
581 2181 711 2219 agnosci
743 2192 797 2222 per
829 2182 1063 2214 oboedientiam
1095 2184 1198 2224 magis
1230 2194 1323 2225 quam
1354 2185 1524 2217 indevotus
1548 2186 1632 2218 effici
1655 2197 1712 2228 per
1735 2187 1917 2227 doctrinam,

1953 953 1980 974 15

1950 1209 1979 1230 2⁰

1948 1469 1977 1490 2⁶

1946 1727 1975 1748 ³⁰

1943 1985 1972 2005 ³5

303 2234 334 2260 ut
363 2230 452 2261 cuius
485 2231 629 2263 fastidire
655 2233 798 2272 poteritis
822 2234 982 2273 eloquium
1008 2235 1122 2267 saltem
1146 2235 1329 2277 adprobetis
1353 2237 1520 2278 affectum,
1555 2241 1586 2270 et
1609 2248 1649 2270 ne
1673 2238 1751 2270 mihi
1775 2238 1923 2271 videlicet
1939 2242 1969 2263 ⁴⁰

386 2377 417 2399 2¹³
438 2377 543 2405 Quintil.
566 2379 623 2401 inst.
647 2379 675 2407 X,
699 2382 720 2406 1,
744 2381 808 2402 114:
830 2380 857 2403 C.
880 2388 935 2404 vero
955 2381 1044 2405 Cacsar
1062 2383 1082 2405 si
1103 2382 1152 2405 soro
1172 2385 1269 2406 tantum
1289 2387 1415 2413 vacasset,
1437 2391 1485 2407 non
1505 2385 1569 2408 alius
1589 2392 1619 2408 ex
1639 2386 1730 2409 nostris
1749 2388 1833 2409 contra
1851 2384 1920 2409 Cice-

300 2426 380 2442 ron-:m
402 2421 580 2445 nominaretur.

385 2557 398 2579 *l
419 2559 553 2581 constitura
575 2559 594 2581 Ιζ
719 2560 743 2583 ll
767 2561 797 2583 ad
818 2561 839 2583 E
959 2563 979 2585 si
1000 2562 1113 2596 quidem]
1131 2565 1227 2594 scripsi,
1249 2565 1268 2587 si
1289 2565 1350 2594 quid
1370 2565 1399 2596 E,
1421 2566 1484 2596 qnod
1504 2566 1594 2589 Sarius
1717 2567 1747 2592 13
1767 2565 1918 2599 conpererat]

299 2599 393 2624 Sui-ius,
415 2605 569 2630 computaret
591 2602 610 2623 Ι·,“
735 2603 762 2627 17
782 2602 837 2636 qni]
858 2605 884 2630 Ε,
906 2612 968 2634 qnae
990 2606 1076 2629 Sarius
1198 2606 1230 2631 23
1250 2606 1400 2640 praeconiis]
1419 2609 1518 2638 Sui-ius,
1540 2610 1642 2638 premiis
1664 2610 1685 2632 E
1799 2609 1832 2634 24
1850 2613 1875 2633 et
1891 2610 1916 2633 in

299 2642 403 2663 mini-iri
425 2644 522 2666 ›ulei-tia
542 2645 631 2667 Sui-iu«
745 2648 868 2676 pontiflci>
888 2653 1031 2672 ornamenta
1051 2649 1138 2673 Sarius*
1267 2650 1299 2674 29
1319 2658 1384 2674 roma
1404 2652 1498 2681 aliquid
1519 2651 1674 2686 deliberans]
1693 2653 1720 2684 E,
1743 2659 1824 2676 romae
1842 2653 1916 2676 libere

299 2685 369 2707 lia-nit
390 2687 424 2707 nti
445 2687 533 2708 Sui-iu«
673 2689 775 2712 forsitan
796 2690 904 2723 galliam]
925 2692 949 2714 in
971 2693 1044 2721 gallia
1065 2693 1167 2716 forsitan
1189 2693 1276 2716 Sarius
1415 2696 1448 2717 30
1471 2696 1634 2725 incongruum
1655 2704 1709 2720 csse
1728 2694 1850 2728 persensi]
1867 2702 1913 2719 om-

298 2726 384 2748 Sarius
489 2729 566 2761 qumi]
585 2731 644 2759 qnid
665 2738 721 2759 ergo
742 2732 830 2755 Sui-ius
935 2734 966 2757 :37
987 2734 1096 2767 sitarcia]
1118 2736 1144 2765 E,
1166 2737 1267 2759 satanin
1289 2736 1387 2767 Sui-ius,
1408 2745 1445 2767 qr.
1466 2737 1580 2771 σιταρκία
1685 2738 1717 2764 38
1737 2736 1874 2771 confer-nt]
1891 2737 1914 2761 E

299 2770 329 2792 *lt*
349 2774 371 2792 et
393 2769 435 2802 nc]
455 2771 496 2793 lior
516 2777 598 2795 autem
619 2774 705 2796 Sui-ius
