2038 3036
868 541 1035 570 SANCTVS

770 596 905 632 AMOR
932 600 1130 635 PATRIAE

911 667 988 692 DAT

837 718 1064 755 ANIMVM.

213 1288 314 1320 Huius
344 1287 514 1319 voluminis
538 1288 621 1328 quod
646 1289 810 1321 Fortunati
834 1300 930 1331 opera
954 1291 1058 1322 soluta
1082 1291 1223 1323 oratione
1247 1292 1366 1333 scripta
1391 1291 1630 1333 comprehendit
1654 1291 1747 1322 dimi-

131 1350 215 1381 diam
239 1348 305 1379 fere
328 1350 449 1388 partem
475 1348 583 1388 spuria
607 1352 639 1379 ut
662 1349 707 1380 ita
731 1349 834 1381 dicam
858 1351 1012 1390 opuscula
1035 1355 1206 1391 occupant,
1239 1361 1308 1382 cum
1333 1352 1423 1383 nobis
1448 1351 1640 1392 propositum
1664 1354 1749 1382 esset

131 1419 210 1449 quae
234 1407 334 1439 Luchi
363 1407 395 1438 in
423 1411 505 1439 tomo
529 1408 571 1438 Π.
599 1408 773 1449 collegerat
801 1410 920 1450 scripta
950 1410 1056 1441 omnia
1085 1414 1245 1451 repetere,
1278 1411 1333 1441 ille
1363 1415 1468 1442 autem
1500 1410 1552 1441 vix
1579 1410 1746 1450 quicquam

129 1467 410 1510 praetermisisset,
444 1467 534 1499 cuius
566 1468 674 1499 stilum
702 1469 874 1500 Fortunato
910 1471 984 1500 ‘non
1009 1470 1104 1510 plane
1128 1470 1318 1502 absimilem'
1352 1480 1423 1502 esse
1454 1471 1505 1501 hic
1535 1470 1589 1501 ille
1620 1473 1748 1501 conten-

130 1529 227 1560 derat.
275 1527 379 1558 Vnum
409 1530 532 1558 tantum
559 1538 687 1560 carmen
711 1528 751 1560 de
775 1529 949 1569 Phoenice,
985 1529 1069 1568 quod
1092 1530 1168 1569 quin
1192 1540 1254 1561 non
1278 1530 1318 1561 sit
1341 1530 1522 1569 Fortunati⁷
1556 1529 1619 1560 iam
1643 1529 1749 1560 nullus

130 1588 261 1627 dubitat,
288 1587 496 1618 omittendum
520 1597 590 1619 esse
615 1587 773 1627 duximus,
806 1588 890 1628 quod
914 1590 954 1620 ab
978 1589 1160 1620 Alexandro
1185 1589 1279 1620 Riese
1295 1591 1313 1629 ¹3
1342 1593 1373 1620 et
1396 1589 1530 1620 Aemilio
1555 1589 1717 1620 Baehrens
1727 1590 1748 1628 2)

134 1648 174 1680 ad
197 1637 320 1679 codices
344 1647 576 1688 manuscriptos
599 1647 662 1678 iam
679 1648 871 1679 recensitum
888 1648 960 1679 huic
977 1649 1131 1679 volumini
1147 1649 1323 1688 adiungere
1340 1658 1610 1689 supervacaneum
1627 1648 1748 1679 fuisset.

134 1707 280 1740 Genuina
302 1710 408 1738 autem
426 1707 591 1738 Fortunati
614 1708 767 1748 opuscula
791 1708 895 1739 soluta
918 1708 1058 1739 oratione
1080 1708 1166 1739 edita
1183 1709 1288 1740 omnia
1305 1709 1370 1740 fere
1387 1712 1495 1740 nostra
1510 1708 1657 1740 viderunt
1672 1712 1751 1739 tem-

134 1778 210 1809 pora
233 1770 358 1808 praeter
381 1777 488 1807 unum,
517 1767 607 1798 cuius
632 1767 804 1807 Gregorius
828 1768 1024 1799 Turonensis
1047 1768 1080 1799 in
1097 1768 1207 1799 Gloria
1223 1768 1313 1799 Conf.
1335 1778 1361 1799 c.
1383 1771 1421 1798 44
1446 1768 1635 1799 mentionem
1660 1768 1748 1799 fecit:

134 1827 280 1867 Vitam,
312 1827 434 1868 inquit,
466 1827 588 1858 huius
617 1827 772 1867 (Severini
797 1827 920 1859 scilicet
942 1827 1191 1867 Burdegalensis
1216 1828 1388 1869 episcopi),
1415 1831 1627 1868 postquam
1652 1827 1752 1858 haec

134 1887 391 1928 scripsimus,
430 1897 450 1918 a
483 1887 710 1918 Fortunato
744 1887 978 1927 presbitero
1013 1887 1289 1927 conscriptam
1324 1887 1601 1927 cognovimus.
1650 1886 1751 1924 Quam

134 1947 275 1979 Severini
298 1947 404 1979 Vitam
428 1957 445 1978 e
469 1946 630 1978 codicibus
655 1946 722 1978 erui
745 1946 850 1978 adhuc
873 1957 934 1978 non
959 1947 1123 1978 successit.

713 2075 740 2114 Ι.
775 2075 885 2114 VITA
918 2074 953 2114 S.
982 2074 1169 2114 HILARH.

218 2169 346 2200 Librum
376 2169 461 2200 vitae
485 2168 517 2199 S.
544 2168 660 2199 Hilarii
683 2169 874 2200 Fortunatus
898 2168 1065 2199 Pascentio
1090 2168 1283 2199 Pictaviensi
1308 2168 1456 2209 episcopo
1480 2167 1581 2207 misit,
1621 2167 1687 2207 ‘qui
1710 2167 1750 2197 ab

132 2229 211 2271 ipsis
234 2229 398 2261 cunabulis
423 2232 496 2260 ante
520 2228 657 2267 vestigia
681 2228 794 2259 Hilarii
818 2228 910 2268 quasi
933 2228 1104 2269 peculiaris
1121 2228 1254 2259 vernula
1270 2227 1469 2259 familiariter
1485 2226 1639 2258 enutritus
1656 2226 1746 2257 erat'.

132 2289 222 2321 Vnde
245 2288 446 2320 Pascentium
471 2288 503 2319 S.
530 2288 645 2319 Hilarii
669 2288 860 2328 discipulum
884 2288 1154 2326 Fortunatumque
1178 2287 1274 2317 alium
1299 2297 1337 2318 ae
1361 2290 1486 2327 poetam
1511 2285 1750 2317 celeberrimum

133 2348 241 2388 fuisse,
268 2348 399 2388 quidam
410 2351 429 2388 3)
459 2348 670 2387 coniecerunt7
698 2347 756 2378 sed
780 2350 974 2378 erraverunt.
1017 2347 1092 2378 Erat
1115 2346 1243 2387 quidem
1260 2346 1446 2377 Pascentius
1464 2346 1496 2377 S.
1516 2345 1631 2376 Hilarii
1647 2345 1750 2376 alum-

132 2418 202 2448 nus,
228 2418 330 2449 neque
353 2408 436 2447 vivi,
465 2407 522 2439 sed
546 2407 743 2445 monasterii,
771 2407 857 2447 quod
880 2417 919 2438 ex
941 2406 1012 2447 ipso
1036 2416 1149 2437 nomen
1173 2406 1286 2437 traxit:
1326 2406 1366 2437 cf.
1393 2405 1570 2443 Reinkens7
1607 2404 1749 2435 Hilarius

133 2478 165 2508 p.
183 2467 272 2499 XIX.
313 2468 374 2505 Qui
397 2471 564 2509 postquam
589 2467 622 2498 S.
644 2467 759 2498 Hilarii
783 2467 908 2498 abbatis
932 2466 1087 2506 dignitate
1111 2469 1239 2496 ornatus
1263 2469 1319 2504 est,
1349 2465 1472 2496 Pientio
1496 2464 1644 2504 episcopo
1668 2474 1751 2495 mor—

131 2531 194 2568 tuo,
221 2527 421 2559 Chariberthi
444 2527 530 2567 regis
553 2527 641 2558 iussu
666 2526 775 2558 sedem
799 2526 1015 2567 episcopalem
1040 2529 1151 2557 nactus
1176 2528 1240 2562 est;
1269 2524 1309 2556 cf.
1338 2524 1448 2563 Greg.‚
1476 2524 1515 2554 H.
1536 2524 1589 2554 Fr.
1615 2523 1667 2561 IV,
1690 2526 1744 2555 48:

219 2648 239 2678 1)
261 2648 411 2677 Anthologia
430 2648 507 2670 latina
526 2654 563 2670 nr.
585 2647 642 2675 731,
665 2648 698 2676 ΙΙ,
720 2655 743 2676 p.
768 2646 824 2670 158.

217 2690 240 2720 2)
263 2691 351 2714 Poetae
371 2690 441 2713 latini
463 2691 568 2713 minores
588 2691 634 2718 ΙΙΙ,
657 2698 681 2719 p.
704 2690 761 2713 247.

217 2733 240 2763 3)
261 2733 426 2761 Viehhauser,
449 2733 559 2756 Hilarius
579 2741 603 2763 p.
625 2733 700 2756 5—9.
