2038 3036
257 502 298 532 xl

241 811 300 842 XII

220 1223 297 1254 xl11

223 1428 296 1459 xlv

242 1892 300 1923 XV

274 1927 280 1941 l

227 2304 299 2335 XVI

324 154 364 183 36
929 144 1095 170 vexau'ri
1118 142 1334 169 ron'rvmrt

325 247 479 285 fraglat-e.
521 249 551 274 ut
585 243 669 273 wlut
699 241 739 272 de
771 240 870 281 patris
903 238 1086 270 fundamine
1118 237 1292 277 matrisque
1323 237 1465 269 alvcario
1495 247 1566 268 eum
1598 237 1694 269 totius
1724 237 1944 278 religiositatis

324 304 448 329 nectare
481 300 554 326 nata
585 299 678 333 atque
709 292 827 323 nutrita
857 289 1079 321 monachorum
1105 288 1241 329 plurima
1265 289 1473 321 funderentur
1496 289 1656 321 examina.
1709 290 1770 328 (33)
1799 288 1944 330 Denique

324 359 379 390 per
402 347 546 378 vis-imm
570 343 788 376 (oristautiam
812 342 950 373 seilicet,
980 340 1123 374 Baiocas,
1151 340 1366 373 Cinomaunis.
1395 341 1561 373 Abrincas.
1590 340 1736 372 Redones
1759 340 1943 374 Britanniae

324 400 419 431 umlta
452 396 641 428 umnasteria
672 405 727 436 per
755 404 826 425 eum
857 393 984 424 domiuo
1013 396 1087 424 sunt
1118 392 1269 426 fundata.
1303 392 1393 425 cuius
1417 392 1553 424 diversis
1576 392 1704 424 indiciis
1727 392 1842 424 claruit
1864 392 1945 426 fides

325 461 379 492 per
401 460 497 490 opera
521 453 551 479 et
576 451 701 478 sacrata
726 446 791 477 rita
816 455 871 486 per
893 445 998 484 signa.

424 504 460 530 :31
504 501 612 539 Itaque
642 498 672 529 iu
697 497 845 529 sesciaco
874 495 1012 536 «puidam
1046 495 1114 527 vice
1137 496 1289 527 Aroastes
1319 495 1486 537 presbyter
1511 496 1603 527 offert
1627 495 1656 527 ei
1680 495 1830 527 ancillam
1854 506 1944 528 suam

324 553 390 583 siut·
415 552 518 582 ot'licio
543 551 670 589 linguae
695 554 824 580 mittam.
866 548 955 579 'I'uuc
979 551 1108 578 sanctus
1132 547 1180 578 w'r
1203 547 1330 588 puellae
1354 547 1508 578 labiorum
1534 547 1602 578 loca
1620 557 1714 578 mauu
1730 551 1941 588 contrectans,

324 604 503 635 nullatenus
534 601 658 642 aperire
689 604 810 642 poterat
842 599 983 630 dentium
1008 598 1199 630 stricturam.
1252 600 1312 639 βξ»)
1340 598 1400 636 Qui
1425 609 1497 629 mox
1522 598 1714 630 benedicens
1738 599 1857 637 oleum,
1891 599 1945 632 ubi

324 655 461 694 signavit
493 653 693 684 maxillarum
725 661 917 692 eonpagem.
957 650 1093 682 reddunt
1124 660 1235 682 sonum
1265 650 1356 690 quasi
1388 653 1569 682 catenarum
1601 650 1781 691 fragmenta
1811 651 1946 684 fuissent

322 707 460 740 conlisa.
495 710 525 737 et
555 705 585 736 iu
617 715 668 735 ore
701 704 769 735 eius
793 703 958 734 intinctum
982 702 1136 742 liquorem
1161 712 1299 743 ponens,
1339 702 1511 742 interrogat
1533 702 1611 743 quid
1636 702 1768 734 baberet
1791 702 1874 743 quod
1896 707 1945 735 ta-

324 762 419 790 ceret.
467 757 538 788 Mox
563 756 644 787 uude
669 759 756 786 muta
779 754 878 786 tacuit
902 764 959 795 per
981 754 1079 785 verba
1103 753 1278 795 respondit.

426 812 471 840 :36
505 809 582 840 Item
607 818 677 839 cmn
701 806 740 838 dc
757 806 905 838 sesciaco
929 805 1118 837 accessisset
1134 805 1301 845 Abrincas,
1329 805 1409 847 petit
1432 816 1452 836 a
1475 805 1572 837 fratre
1589 805 1782 845 Scubilione,
1811 809 1845 838 ut
1867 805 1945 839 duos

323 862 427 903 pullos
451 860 665 891 columbarum
690 869 767 899 quos
791 858 860 899 ipse
884 857 1058 889 nutriverat
1081 867 1188 889 secum
1214 860 1338 898 portare
1363 857 1568 898 permitteret.
1621 857 1713 895 Quod
1736 857 1793 889 ille
1818 858 1946 898 negavit

325 914 449 944 dicens:
478 913 536 943 l'ro
559 916 613 943 tua
638 910 820 952 praesentia
844 910 895 941 vel
920 909 1136 941 columbarum
1160 912 1284 941 tuarum
1301 909 1378 940 mibi
1395 909 1546 949 reliquias
1562 912 1700 941 teneam.
1741 909 1799 941 Cui
1816 913 1944 942 sanctus

324 966 476 996 Paternus
504 963 564 994 ait:
600 962 699 1000 Quem
732 962 802 1003 plus
833 964 956 996 amant,
992 961 1078 1002 apud
1101 960 1205 1002 ipsum
1230 964 1448 1002 permaneant.
1502 962 1559 1000 (37)
1589 960 1651 998 Qui
1675 970 1745 992 cum
1769 960 1812 992 ad
1833 971 1945 993 mona-

322 1016 452 1047 sterium
477 1015 541 1046 fere
566 1014 675 1045 decem
701 1017 731 1045 et
754 1016 822 1044 octo
846 1013 934 1043 milia
958 1012 1062 1054 spatia
1086 1012 1302 1054 pervenisset⁷
1338 1013 1438 1044 altero
1462 1012 1513 1044 die
1536 1011 1656 1044 ibidem
1680 1012 1856 1044 venerabili
1879 1012 1945 1045 viro

322 1067 485 1099 columbae
517 1065 670 1097 velociter
698 1067 918 1103 occurrerunt,
952 1067 986 1095 ut
1014 1063 1137 1095 itineris
1167 1064 1236 1095 eius
1267 1064 1321 1096 ubi
1351 1064 1444 1105 signa
1473 1074 1536 1096 non
1563 1063 1716 1095 videbant
1739 1067 1945 1105 sequerentur

323 1119 468 1158 vestigia.
522 1119 577 1156 ss'ts,
609 1116 660 1148 Sic
691 1119 762 1157 post
791 1116 919 1147 beatum
942 1116 1113 1147 Paternum
1146 1115 1338 1147 desiderium
1369 1125 1461 1147 suum
1491 1119 1522 1147 et
1551 1125 1629 1147 aves
1661 1115 1827 1148 confessae
1857 1119 1940 1157 sunt,

322 1171 347 1202 si
372 1169 499 1211 quidem
524 1168 602 1200 satis
627 1168 743 1207 dignae
768 1167 851 1208 quod
876 1167 1074 1208 spiritualem
1099 1167 1264 1199 columbae
1289 1171 1416 1199 secutae
1440 1171 1522 1199 sunt.

408 1215 461 1251 'tm
500 1221 579 1252 Item
609 1219 694 1261 apud
726 1219 881 1250 Abrincas
909 1219 1077 1250 cuiusdam
1110 1219 1180 1251 Vrsi
1212 1219 1406 1260 possessoris
1434 1219 1572 1252 ancillae
1603 1219 1710 1251 morbo
1741 1219 1944 1252 contrahente

320 1284 353 1306 se
385 1282 496 1304 manus
527 1272 732 1312 eonlegerant
760 1281 819 1302 nec
850 1274 995 1312 poterant
1026 1270 1216 1310 devolvere,
1250 1281 1323 1302 nam
1354 1271 1410 1302 fila
1440 1274 1530 1303 erant
1560 1271 1729 1312 digitorum
1754 1271 1941 1312 glomerata.

325 1328 374 1365 (lu
412 1325 484 1356 Mox
508 1327 614 1356 tamen
639 1326 673 1354 ut
696 1323 808 1354 beatus
832 1322 1008 1354 orationem
1033 1322 1196 1364 explicuit,
1225 1326 1455 1355 contractarum
1479 1333 1629 1355 manuum
1653 1333 1687 1355 se
1710 1323 1775 1355 tela
1791 1322 1945 1356 distendit

321 1381 351 1409 et
375 1376 500 1408 reddita
524 1375 660 1407 sanitate
685 1377 856 1415 coeperunt
880 1374 973 1414 digiti
995 1384 1164 1406 nervorum
1188 1374 1288 1406 lieeas
1311 1378 1501 1415 temperare.

412 1430 469 1467 ¹¹411
504 1427 584 1458 Hinc
615 1426 702 1457 fama
733 1429 935 1467 percurrente
967 1426 1067 1457 multa
1100 1426 1185 1467 regis
1215 1426 1455 1458 Childeberetbi
1484 1436 1578 1468 prece
1609 1426 1781 1467 conpulsus
1811 1429 1877 1466 est,
1910 1430 1944 1458 ut

320 1480 381 1521 ipsi
411 1479 548 1519 glorioso
579 1478 646 1519 regi
670 1477 916 1510 Cliildeberetho
940 1477 1083 1509 Parisius
1110 1477 1143 1509 iu
1166 1488 1256 1510 carro
1280 1481 1427 1519 cooperto
1452 1478 1596 1510 reclusus
1619 1481 1806 1509 occurreret.
1854 1478 1944 1510 Man-

318 1532 383 1564 tela
413 1531 482 1562 vieo
512 1529 640 1571 qnidam
671 1539 750 1571 puer
780 1540 799 1561 a
828 1533 978 1570 serpente
1008 1539 1178 1571 percussus
1209 1533 1257 1561 est
1287 1533 1319 1562 et
1341 1529 1405 1561 iarn
1428 1530 1493 1561 iam
1517 1529 1720 1561 exanimante
1744 1532 1874 1561 sanctus
1897 1529 1944 1561 vir

319 1583 471 1615 accessit.
509 1592 547 1613 ne
579 1591 657 1622 puer
686 1585 785 1613 morte
815 1581 1047 1613 interveniente
1078 1581 1250 1613 recederet.
1312 1583 1373 1623 (42)
1402 1582 1514 1622 Itaque
1545 1581 1628 1613 facto
1658 1581 1760 1613 crucis
1791 1581 1883 1622 signo
1913 1584 1944 1614 et

320 1635 381 1666 olei
407 1634 526 1674 liquore
551 1633 678 1674 perfuso
703 1636 903 1674 penetratum
928 1643 1086 1665 venenum
1112 1633 1169 1665 tali
1193 1632 1317 1665 curavit
1339 1633 1492 1665 antidoto.
1541 1634 1610 1671 Quo
1633 1633 1730 1665 etiam
1753 1632 1787 1664 in
1810 1633 1879 1664 loco
1902 1633 1944 1665 ad

320 1696 422 1718 rerum
453 1685 667 1717 testimonium
696 1685 728 1716 in
752 1685 820 1716 eius
845 1684 970 1716 nomine
995 1684 1113 1716 Christi
1137 1685 1304 1716 basilicam
1329 1684 1549 1717 condiderunt.
1603 1685 1665 1725 (43)
1694 1684 1792 1716 Cuius
1816 1684 1944 1726 spirita-

320 1738 380 1769 lem
412 1737 584 1769 adventum
608 1736 751 1767 Pal-isius
784 1736 929 1768 inmundi
957 1736 1088 1777 spiritus
1112 1740 1324 1777 agnoscentes
1347 1736 1386 1768 de
1410 1736 1550 1768 obsessis
1575 1736 1757 1778 corporibus
1779 1735 1812 1767 in
1835 1735 1941 1777 fugam

319 1789 463 1820 conversi
496 1792 578 1820 sunt.
626 1788 749 1819 Pariter
779 1791 885 1819 autem
918 1787 950 1819 hi
980 1788 1034 1828 qui
1066 1788 1237 1828 frigoribus
1261 1789 1491 1828 torquebantur
1514 1788 1688 1820 incolomes
1712 1787 1796 1820 effici
1819 1797 1943 1820 merue-

321 1844 391 1871 runt
415 1851 472 1872 nec
496 1840 623 1872 morbus
647 1839 715 1871 illie
739 1839 921 1880 praevaluit
945 1840 997 1871 ubi
1021 1839 1096 1871 talis
1120 1839 1262 1872 medicus
1286 1843 1450 1880 unguenta
1473 1840 1634 1881 produxit.

418 1894 473 1930 Ἰ4-11
502 1891 623 1923 Dehinc
655 1901 725 1922 cum
756 1891 904 1923 sacerdos
932 1902 987 1932 pro
1012 1901 1189 1932 pauperum
1213 1891 1364 1924 remediis
1388 1891 1456 1932 regi
1480 1891 1720 1933 suggestionem
1743 1893 1939 1933 proponeret,

320 1948 393 1975 tunc
423 1943 579 1984 gloriosus
603 1942 868 1975 Childebercthus
893 1942 1075 1974 Crescentio
1106 1943 1259 1984 imperat⁷
1294 1943 1337 1975 ad
1366 1954 1459 1984 quem
1491 1953 1567 1975 eura
1600 1943 1729 1985 publica
1751 1942 1938 1984 pertinebat,

323 1999 355 2027 ut
384 1995 468 2035 quod
495 1995 608 2027 beatus
632 1995 787 2026 Paternus
811 1995 840 2026 ei
864 1994 1045 2035 iniungeret
1068 1995 1244 2036 expediret.
1293 1995 1384 2033 Quod
1407 1995 1476 2036 ipse
1500 1995 1623 2036 inplere
1646 1995 1833 2036 promittens
1855 2003 1943 2026 men-

321 2046 397 2078 titus
421 2050 486 2085 est,
520 2046 744 2087 profectusque
768 2046 810 2077 ad
834 2050 941 2087 partes
964 2046 1172 2087 Burgundiae
1196 2046 1358 2088 praedicto
1383 2046 1582 2078 sanctissimo
1606 2046 1785 2086 nesciente,
1815 2055 1872 2087 per
1893 2044 1942 2077 bi-

323 2098 419 2129 duum
444 2097 645 2129 Crescentius
676 2102 865 2129 excaecatus
897 2098 1025 2130 erravit.
1078 2099 1139 2139 (45)
1168 2098 1229 2136 Qui
1261 2099 1388 2140 culpam
1420 2098 1628 2130 reminiscens
1660 2098 1744 2130 unde
1766 2097 1857 2129 illum
1879 2100 1942 2129 tam

324 2153 454 2190 repente
478 2149 665 2181 tenebrosus
689 2160 774 2181 error
796 2150 959 2188 invaserit‚
987 2160 1153 2191 regressus
1177 2150 1336 2189 velociter,
1365 2150 1525 2191 inpetrata
1549 2150 1653 2188 venia,
1680 2153 1715 2182 ut
1733 2149 1827 2191 culpa
1842 2147 1942 2181 cordis

322 2201 399 2232 exiit
429 2201 528 2232 oeulis
559 2201 613 2232 lux
644 2201 773 2233 intravit
803 2205 834 2233 et
866 2201 985 2234 doctior
1018 2205 1089 2243 post
1119 2202 1304 2234 caecitatem
1337 2203 1420 2234 servi
1450 2202 1502 2234 dei
1525 2202 1614 2234 iussa
1638 2201 1813 2244 conplevit,
1847 2203 1881 2232 ut
1903 2209 1941 2232 ex

322 2252 379 2284 boc
403 2252 584 2284 crederetur
607 2252 766 2294 recepisse
790 2253 961 2284 luminaria
984 2253 1088 2293 magis
1112 2254 1227 2285 mentis
1252 2264 1347 2294 quam
1371 2254 1522 2295 corporis.

416 2306 473 2344 :j-tu)
504 2304 563 2342 Qui
588 2305 852 2345 septuagenarius
877 2315 946 2336 cum
971 2305 1097 2337 abbatis
1121 2305 1226 2337 officio
1250 2305 1420 2337 virtutibus
1444 2305 1631 2346 fungeretur
1654 2309 1685 2337 et
1707 2305 1738 2337 iu
1756 2304 1871 2337 cellula
1886 2313 1943 2336 sua

323 2366 417 2396 quam
448 2355 580 2396 primum
613 2355 838 2387 aedificaverat
861 2356 1001 2388 >test-iaci
1025 2357 1218 2396 quiesceret,
1254 2357 1391 2398 quadani
1416 2360 1507 2389 noete
1529 2357 1618 2389 visus
1642 2360 1690 2389 est
1713 2356 1742 2388 ei
1764 2356 1834 2398 ipse
1856 2355 1942 2387 locus

323 2407 402 2438 mira
431 2406 575 2438 claritate
606 2407 753 2448 perfusus
784 2411 816 2440 et
842 2407 884 2439 ad
907 2418 979 2440 eum
1004 2408 1169 2440 venientes
1193 2409 1225 2440 in
1249 2408 1373 2440 visione
1397 2409 1499 2440 saneti
1523 2409 1577 2449 qui
1600 2408 1643 2440 ad
1666 2408 1760 2440 deum
1784 2407 1941 2449 migrave-

414 2580 419 2602 l
445 2579 481 2611 ut]
502 2581 589 2603 Sarius
608 2583 629 2603 el
651 2580 714 2604 Mul).
737 2583 759 2609 2’,
781 2588 808 2603 ac
829 2581 849 2603 1’
952 2580 965 2604 2
987 2582 1153 2605 fundarentur
1173 2581 1237 2606 Mat.
1257 2584 1271 2604 ζ’
1376 2582 1390 2604 3
1411 2579 1586 2613 constantiam]
1604 2589 1651 2605 om.
1676 2580 1741 2605 Mab.
1763 2581 1778 2604 ‘2
1879 2579 1940 2602 brit-

325 2624 408 2645 tannia
429 2623 450 2645 P
552 2624 566 2647 6
587 2621 654 2655 uice]
675 2624 715 2646 die
736 2623 801 2647 Mat».
818 2626 832 2646 2¹
936 2628 1029 2648 oroaste
1046 2625 1137 2648 Serius
1244 2625 1272 2648 125
1293 2625 1436 2648 colubarum
1456 2624 1478 2647 1’
1583 2624 1611 2648 14
1632 2624 1747 2654 reliquias
1766 2623 1827 2646 mibi
1846 2621 1911 2646 Mab.
1926 2621 1942 2644 2

324 2665 353 2687 21
374 2665 518 2689 childeberti
538 2666 587 2694 scre
608 2666 628 2689 Ρ
763 2666 794 2690 25
814 2668 921 2690 mantela
940 2668 994 2691 uico
1013 2668 1115 2697 quidam
1135 2665 1208 2699 puer]
1228 2667 1256 2698 Ρ,
1277 2668 1360 2691 :tutela
1379 2668 1433 2691 uico
1453 2668 1551 2697 quidam
1572 2675 1634 2697 puer
1655 2667 1682 2698 Z,
1704 2674 1810 2697 cumque
1828 2665 1940 2689 mileuioo

326 2716 384 2737 puer
404 2710 499 2738 Nerius,
521 2710 626 2732 nunti-la
645 2711 700 2732 uiro
720 2710 820 2740 quidam
841 2717 902 2740 puer
921 2711 1013 2734 mileuo
1033 2711 1133 2734 nomine
1154 2711 1218 2735 Boll.
1338 2710 1370 2735 26
1389 2714 1416 2734 et
1434 2711 1582 2741 iamiamque
1603 2711 1668 2735 Mub.
1691 2712 1706 2734 ζ.)
1816 2708 1848 2733 28
1866 2714 1941 2739 pene·

326 2754 430 2773 tractum
453 2751 472 2773 P
604 2753 636 2776 2ss
655 2752 738 2785 cuius]
758 2755 857 2776 nomine
877 2753 933 2778 mid.
957 2753 1023 2777 Mab.
1046 2756 1060 2777 2
1194 2754 1225 2778 34
1245 2755 1422 2783 crescentiano,
1445 2757 1471 2777 ul
1492 2754 1560 2783 infru
1579 2754 1645 2778 Boll.
1780 2753 1812 2776 36
1830 2751 1902 2776 biduo
1922 2750 1942 2774 Ρ

326 2793 353 2817 41
377 2793 469 2826 etth-io]
487 2803 534 2818 um.
558 2795 623 2819 Μαὸ.
646 2798 668 2822 ι’,
690 2803 744 2818 vum
764 2796 821 2819 add.
844 2796 910 2819 Bou.
1017 2797 1049 2821 43
1069 2798 1195 2820 dominum
1216 2796 1280 2821 Μαῠ.
1304 2798 1318 2819 2¹

1965 711 1992 732 1⁰

1965 969 1992 990 1⁵

1962 1227 1991 1249 20

1962 1485 1991 1507 ²5

1961 1743 1990 1764 ³⁰

1960 2002 1989 2022 :ts

1958 2259 1986 2280 40
