2038 3036
66 684 93 703 10

62 941 90 961 15

59 1198 87 1218 20

59 1455 88 1475 25

57 1713 86 1734 30

56 1971 84 1991 35

54 2229 82 2249 40

703 118 795 144 VITA
815 118 951 145 SANCTI
970 119 1149 146 GERMANI.
1693 123 1731 151 25

130 183 135 205 1
150 177 174 190 ¹*
1040 191 1042 194 -

113 212 203 243 Tunc
230 194 476 269 dissimulabant
499 221 569 241 cum
595 201 691 244 clave
708 212 819 243 Iudaei
843 212 970 243 vincula
993 194 1068 244 ferri
1091 223 1245 245 r·ese1are.
1293 214 1389 245 Facto
1413 224 1432 245 a
1456 216 1563 244 sancto
1587 214 1652 244 viro
1677 213 1733 244 dc-

118 272 213 304 861161
236 261 337 293 616618
361 248 557 301 signaculo
547 254 623 293 111οΧ
648 253 721 292 serii
746 272 817 304 seia
840 263 1012 295 1616111161.

207 314 287 354 (176)
316 312 428 344 Itidem
453 322 522 343 cum
540 312 681 343 Parisius
705 314 747 344 ad
760 302 934 345 basilicam
959 319 1136 346 sanctorum
1154 315 1288 347 Gervasi
1312 319 1342 347 et
1357 316 1476 347 Protasi
1502 315 1610 347 orandi
1636 325 1731 346 causa

114 364 316 406 procederet,
348 364 452 395 ianuis
483 364 638 395 obseratis
669 365 833 405 ingressus
864 366 912 396 illi
943 370 1077 407 negatus
1109 370 1166 398 est.
1215 368 1304 398 Tunc
1326 367 1486 407 requisitis
1510 367 1652 398 clavibus
1675 377 1733 398 1166

115 416 194 457 111818
225 415 443 457 aperientibus
471 415 516 447 sic
539 416 693 446 reseravit
717 417 874 456 pessolum
900 417 983 449 facto
1008 418 1108 449 crucis
1132 418 1307 457 signaculo.
1360 420 1443 457 (177)
1470 418 1585 459 Stupor
1608 418 1732 449 animus

112 467 231 499 invasit
262 467 423 507 praesenti
453 467 606 498 miraculo
629 467 752 507 aperire
777 468 816 498 dc
840 468 955 499 virtute
979 469 1062 508 quod
1087 469 1175 500 clave
1199 470 1278 500 duee
1302 480 1362 500 non
1386 469 1497 510 potuit.
1545 470 1631 500 llaec
1655 480 1733 509 quo-

112 529 172 559 que
196 518 379 550 veneranda
401 521 569 559 praesente
593 528 643 550 me
667 522 758 558 gesta
782 523 865 550 sunt.

202 571 281 611 (178)
312 570 350 601 Et
372 569 447 610 quia
469 570 563 601 beato
587 569 653 600 viro
677 570 799 601 nullum
825 571 945 602 obstitit
967 571 1145 609 metallum,
1179 581 1248 602 66111
1273 572 1376 611 ligna,
1410 581 1504 611 saxa,
1538 572 1728 602 ferramenta

111 625 184 652 ante
214 621 318 662 ipsum
349 621 454 652 soluta
486 624 575 660 sunt,
611 621 728 652 accidit
752 632 815 652 una
839 622 959 652 dierum
984 622 1126 652 Parisius
1151 622 1322 653 orationem
1347 632 1415 653 cum
1441 622 1529 653 daret
1551 622 1592 652 ad
1616 622 1729 653 ostium

114 673 250 704 carceris
274 673 419 713 sequenti
441 676 534 703 nocte
558 672 653 703 trusis
677 676 811 713 apparet
833 673 939 704 lumen
964 673 996 703 in
1020 683 1154 704 earcere.
1196 673 1289 704 Visus
1313 677 1361 704 est
1384 673 1430 704 eis
1454 674 1623 704 admonere
1647 673 1730 713 quod

113 724 267 765 foderent,
296 727 330 755 ut
352 723 429 755 foris
452 718 671 764 procederent.
727 725 807 763 (179)
836 724 896 761 Qui
921 724 1063 755 dicentes
1087 724 1127 755 ad
1151 724 1285 755 invicem
1310 725 1457 755 domnum
1479 724 1670 755 Germanum
1695 734 1729 755 se

111 775 231 807 vidisse
255 778 286 806 et
310 775 402 815 signa
426 775 544 815 singuli
566 774 719 806 referunt.
762 775 896 806 Inventa
920 779 1007 806 costa
1031 775 1069 806 de
1094 775 1215 816 pecude
1240 775 1397 806 fodientes
1420 779 1568 806 amovent
1590 775 1729 815 lapidem

111 830 142 858 et
173 826 334 868 praedicto
362 826 463 857 amico
488 826 539 857 dei
564 829 730 857 occurrunt
753 826 794 857 ad
819 826 987 857 eeclesiam
1011 826 1166 857 matutino
1189 830 1346 866 tempore,
1381 836 1450 857 cum
1474 826 1591 856 rediret
1613 826 1655 856 ad
1678 836 1729 857 re—

110 878 227 918 quiem.
276 878 329 909 Sic
360 878 468 909 multis
501 888 598 909 causa
630 878 743 908 salutis
775 878 834 909 fuit
864 878 969 917 imago
1002 877 1160 918 pontilicis
1184 880 1215 908 ct
1238 877 1279 908 ad
1301 877 1402 907 vicem
1425 877 1511 907 beati
1535 876 1617 907 l‘etri
1641 876 1729 907 dedit

110 929 209 961 nostri
244 929 420 960 sacerdotis
454 929 525 970 ipsa
558 929 661 969 figura
695 929 848 960 remedia.
912 930 992 968 (18⁴1)
1022 929 1146 959 Dehinc
1175 929 1239 959 illis
1271 928 1388 969 ereptis
1416 928 1561 958 tribunus
1593 927 1728 958 civitatis

110 981 233 1012 saevire
264 981 369 1022 coepit
398 981 431 1012 in
461 981 594 1020 milites,
630 980 787 1022 deputans
817 990 925 1011 eorum
950 980 1049 1011 fuisse
1072 980 1308 1020 neglegentiam
1333 979 1417 1019 quod
1439 979 1505 1009 viro
1529 979 1728 1009 sanctissimo

109 1032 279 1072 deputatur
301 1033 343 1063 ad
365 1032 511 1073 gloriam.
557 1033 720 1064 Conversa
742 1032 775 1063 in
799 1032 947 1063 custodes
971 1032 1136 1062 iracundia
1160 1032 1283 1070 iudicis,
1311 1031 1365 1071 qui
1389 1031 1534 1062 solebant
1556 1031 1727 1061 adservare

109 1083 240 1115 tradidit
265 1084 439 1115 servandus
462 1084 495 1115 in
519 1094 646 1115 carcere
671 1087 702 1115 et
725 1084 842 1114 ablatis
867 1084 1011 1115 clavibus
1032 1083 1128 1114 iudex
1145 1083 1178 1114 fit
1195 1086 1300 1113 custus
1318 1082 1512 1113 custodibus.
1565 1083 1645 1120 (181)
1674 1082 1727 1111 In-

109 1135 199 1166 terim
232 1135 280 1166 vir
308 1136 421 1167 beatus
451 1135 611 1166 tribunum
642 1138 733 1166 vocat
764 1136 805 1166 ad
837 1135 1022 1176 prandium,
1060 1145 1098 1165 ac
1129 1134 1202 1165 dum
1232 1134 1351 1175 pariter
1381 1134 1529 1165 sederent
1558 1133 1590 1163 in
1614 1132 1724 1164 eodem

109 1186 268 1225 convivio,
303 1187 345 1218 ad
375 1197 517 1218 mensam
547 1187 648 1218 sancti
680 1187 739 1218 viri
766 1190 932 1218 occurrunt
955 1190 986 1218 et
1009 1187 1071 1227 ipsi
1093 1186 1147 1226 qui
1172 1186 1297 1217 fuerant
1320 1185 1409 1216 missi
1432 1195 1487 1225 pro
1511 1184 1572 1215 reis
1596 1184 1627 1214 in
1651 1194 1725 1215 6011-

110 1238 204 1278 pede.
252 1238 368 1270 Claves
399 1239 521 1270 habens
544 1238 576 1269 in
600 1238 747 1269 manibus
772 1248 841 1269 611111
866 1238 1011 1269 tribunus
1036 1238 1075 1269 de
1099 1237 1216 1278 ereptis
1240 1237 1294 1268 vix
1318 1236 1461 1267 crederet
1483 1236 1567 1276 quod
1590 1235 1721 1273 videret,

107 1298 285 1329 agnoscens
317 1300 351 1321 86
382 1290 427 1321 816
459 1290 635 1321 custodisse
668 1290 812 1321 similiter
841 1290 922 1321 sicut
953 1294 984 1321 et
1014 1289 1131 1320 milites
1163 1299 1335 1327 carcerem,
1371 1288 1447 1319 data
1469 1287 1609 1318 vicissim
1633 1286 1726 1318 venia

108 1341 202 1382 culpa
226 1341 338 1372 transit
360 1341 393 1372 in
416 1341 563 1382 gratiam.

199 1394 280 1433 (182)
316 1393 437 1424 Inferat
465 1393 640 1424 Aurilianis
671 1393 809 1424 nobilem
840 1393 899 1423 viri
933 1392 1148 1433 praeconium.
1197 1392 1265 1429 Qua
1295 1391 1333 1422 (le
1365 1391 1491 1421 civitate
1522 1390 1569 1420 vir
1598 1392 1724 1420 sanetus

107 1444 315 1485 progrediens
339 1444 561 1476 damnatorum
584 1454 679 1476 voces
704 1444 869 1475 exaudivit
892 1444 924 1475 in
945 1454 1082 1483 earcere,
1111 1454 1172 1483 quo
1190 1446 1273 1474 certe
1292 1443 1531 1473 subterraneum
1550 1441 1726 1471 habebatur

107 1496 315 1535 ergastulum.
364 1495 432 1533 Quo
468 1506 563 1537 super
597 1496 776 1527 ascendens
811 1499 842 1526 ct
876 1499 1050 1536 prostratus
1085 1495 1244 1526 accubans
1279 1493 1451 1524 orationem
1487 1492 1575 1523 dedit
1605 1491 1725 1522 amicus

107 1547 225 1578 Christi
248 1558 318 1578 66111
342 1547 494 1579 lacrimis.
548 1550 630 1587 (1813)
660 1548 791 1578 Prorsus
816 1548 944 1578 obtentu
968 1546 1087 1577 oraculi
1111 1545 1291 1585 insequenti
1314 1548 1403 1575 nocte
1424 1554 1549 1575 carcere
1567 1542 1724 1584 patefacto

105 1598 147 1629 ad
177 1598 345 1630 basilicam
376 1599 477 1630 sancti
501 1599 617 1630 Auiani
645 1599 843 1639 confugiunt.
891 1598 931 1629 Et
954 1598 999 1629 ita
1021 1598 1134 1628 beatus
1158 1596 1300 1638 pontifex
1326 1596 1471 1636 quamvis
1495 1593 1724 1635 praetereundo

105 1653 175 1691 post
199 1660 232 1682 86
256 1651 386 1691 reliquit
408 1651 607 1691 suffragium.

197 1703 278 1743 (184)
305 1702 376 1733 Non
401 1702 564 1734 fastidium
589 1702 630 1733 sit
654 1701 765 1733 audire
790 1701 874 1741 quod
891 1701 1036 1732 Christus
1060 1703 1202 1741 praestat
1222 1699 1380 1734 fidelibus,
1408 1698 1482 1729 dum
1500 1697 1720 1728 miracul‹1›rum

104 1753 198 1784 simul
228 1753 328 1785 virtus
358 1754 479 1785 crescit
501 1757 531 1785 et
558 1763 719 1785 numerus.
768 1754 881 1792 Itaque
905 1751 1105 1783 sanctissimo
1131 1751 1264 1782 occurrit
1287 1750 1416 1791 quidam
1441 1749 1599 1787 Parisius,
1636 1748 1724 1779 66168

104 1805 196 1844 quasi
227 1815 354 1846 pugnus
386 1806 631 1837 extuberaverat
660 1805 789 1843 oculus,
824 1808 858 1835 ut
887 1804 983 1835 etiam
1014 1803 1117 1834 dictus
1145 1805 1291 1842 vergeret
1313 1802 1345 1832 in
1370 1802 1460 1832 ruina
1483 1803 1555 1841 post
1578 1799 1720 1830 vulnera.

104 1856 172 1894 Quo
204 1860 337 1897 rogante
360 1857 408 1889 vir
432 1857 483 1888 dei
507 1857 546 1888 de
573 1857 675 1888 saliva
699 1857 760 1887 oris
785 1856 834 1888 sui
858 1856 983 1887 oculum
1007 1855 1157 1886 inliniens
1181 1854 1352 1885 medellam
1376 1852 1487 1884 lumini
1510 1850 1671 1883 revocavit
1695 1854 1725 1881 et

103 1908 250 1948 gratiam.

195 1960 275 2000 (185)
304 1960 447 1991 Moverta
470 1959 629 2000 quaedam
654 1959 795 1990 Parisius
818 1958 980 2000 pustulam
1005 1957 1127 1989 habens
1151 1957 1182 1988 in
1206 1956 1356 1996 brachio,
1384 1956 1521 1987 cruciata
1546 1954 1717 1991 doloribus,

103 2021 271 2044 occurrens
294 2012 388 2044 beato
411 2012 478 2043 viro
502 2012 571 2053 pari
595 2011 805 2043 medicamine
829 2013 914 2041 tactu
939 2009 1060 2041 salivae
1084 2012 1194 2040 curata
1217 2012 1275 2040 cst.

194 2064 276 2104 (186)
304 2064 369 2095 Sed
393 2063 420 2095 si
445 2073 657 2103 exsequamur
680 2062 903 2093 miraculorum
928 2061 1072 2100 singula,
1104 2070 1185 2100 quae
1211 2060 1276 2091 suis
1300 2059 1398 2100 gestis
1422 2057 1583 2099 praesenti
1606 2056 1721 2087 florue-

102 2118 174 2146 runt
196 2115 229 2146 in
252 2115 332 2155 vita,
367 2125 429 2146 non
453 2115 513 2146 erit
534 2114 647 2146 modus
670 2114 703 2145 in
726 2114 861 2155 pagina,
898 2113 971 2152 quia
995 2121 1193 2151 quacumque
1217 2111 1372 2152 pontificis
1397 2120 1430 2141 se
1454 2108 1606 2141 convertit
1629 2118 1721 2148 prae—

102 2167 215 2207 sentia,
242 2167 331 2198 nulla
354 2167 532 2198 morborum
557 2166 728 2207 generibus
753 2165 855 2197 defuit
878 2164 1045 2203 medicina,
1075 2167 1105 2195 ct
1122 2167 1240 2203 quanta
1257 2173 1290 2194 se
1307 2162 1486 2193 obtulerunt
1502 2159 1720 2200 languentium

101 2218 251 2259 vulnera,
285 2218 398 2250 salutis
428 2218 511 2250 fudit
542 2221 587 2250 tot
616 2217 749 2249 semina.
803 2217 883 2257 (187)
913 2216 994 2246 Nam
1025 2226 1107 2255 quae
1132 2215 1232 2255 prima
1256 2213 1412 2255 pontificis
1437 2221 1647 2251 exsequamur
1670 2210 1720 2240 vel

102 2270 221 2309 ultima,
250 2280 320 2301 cum
345 2280 402 2311 per
425 2270 559 2301 salivam
583 2270 646 2301 oris
670 2269 719 2300 sui
742 2269 843 2299 multa
867 2270 975 2299 curata
998 2267 1117 2298 fuerint
1132 2267 1247 2305 ulcera,
1276 2268 1410 2306 purgata
1427 2264 1488 2295 sint
1504 2261 1721 2303 inergumina?

102 2321 184 2352 Ante
208 2332 300 2361 quem
324 2321 470 2362 quamvis
494 2322 617 2353 occulte
641 2320 782 2352 venisset
806 2319 906 2350 hostis
929 2318 1080 2358 nequitia,
1108 2317 1217 2348 statim
1241 2327 1274 2347 86
1291 2315 1505 2347 manifestavit
1520 2314 1720 2345 fraudolenta

101 2372 246 2412 fallacia,
283 2382 320 2404 ac
347 2373 386 2404 de
411 2376 581 2414 conspectu
605 2372 707 2404 sancti
730 2372 790 2403 viri
814 2371 889 2411 quia
912 2370 1009 2402 celari
1033 2380 1095 2400 non
1118 2372 1263 2409 poterant
1285 2379 1343 2400 nec
1368 2367 1546 2399 tolerabant
1569 2375 1719 2406 praescn—

101 2423 194 2462 tiam,
229 2424 363 2456 terribili
390 2425 514 2456 ululatu
538 2434 596 2456 sua
619 2424 791 2465 gemebant
813 2421 978 2460 incendia,
1014 2421 1135 2462 passim
1160 2431 1216 2461 per
1239 2421 1309 2451 loca
1331 2418 1496 2450 volitantia
1520 2417 1721 2458 exponebant

185 2545 200 2569 2
220 2546 336 2569 euellitur
358 2546 378 2569 G
523 2546 538 2569 4
558 2546 664 2575 requitis
684 2545 714 2568 Gl
863 2544 876 2566 5
896 2544 1024 2573 pesculum
1045 2542 1066 2564 P
1210 2542 1223 2563 ὓ
1244 2539 1350 2571 aperire]
1372 2541 1414 2563 PG
1553 2540 1567 2561 9
1587 2538 1681 2562 accedit
1701 2538 1721 2559 P

102 2587 129 2611 11
152 2587 188 2621 se]
207 2588 265 2612 add.
287 2587 320 2611 1²2
435 2588 465 2612 12
484 2590 593 2612 referent
612 2588 642 2611 Ρ1
751 2587 780 2610 15
800 2588 857 2615 trib3
880 2586 910 2608 Pl
1018 2585 1046 2608 17
1067 2583 1194 2615 conuersa]
1215 2591 1261 2613 quo
1281 2591 1399 2606 conuersa
1419 2583 1440 2604 P
1545 2582 1573 2604 18
1594 2581 1668 2604 tradit
1688 2580 1717 2602 [³¹

101 2630 131 2654 20
151 2632 188 2654 eis
208 2630 228 2653 G
334 2632 461 2661 conpende
483 2631 513 2654 P1
629 2631 660 2654 22
680 2631 752 2653 miles
772 2630 802 2652 Pl
908 2629 1008 2651 ueniam
1029 2628 1049 2650 P
1164 2627 1194 2650 24
1216 2625 1335 2657 nobilem]
1357 2627 1376 2649 P
1481 2625 1512 2648 2⁴5
1531 2627 1667 2655 prostratur
1688 2623 1715 2644 Γ1

100 2673 130 2697 27
151 2676 249 2698 oraculo
269 2675 291 2697 P
419 2674 450 2697 32
470 2675 555 2698 oculus
575 2673 614 2706 ut]
634 2674 732 2697 oculum
753 2674 773 2696 Ρ
904 2671 935 2694 33
956 2672 1031 2694 orisui
1053 2671 1074 2693 P
1194 2670 1225 2693 35
1245 2668 1366 2701 mouerta]
1387 2669 1414 2699 P,
1437 2669 1574 2691 meobertat1
1597 2666 1638 2696 (1'1,
1659 2667 1717 2688 item

101 2718 165 2747 apud
185 2718 287 2740 eandem
307 2719 393 2741 urbem
408 2718 528 2747 quaedam
544 2718 636 2740 femina
650 2718 777 2747 pustulam
796 2715 827 2738 (1'2
932 2716 963 2737 38
984 2712 1049 2745 uita]
1069 2714 1127 2735 111166
1141 2713 1194 2735 sine
1209 2715 1256 2735 11116
1272 2716 1330 2735 sunt
1343 2715 1427 2742 coepta
1446 2711 1501 2735 (11111,
1520 2711 1540 2733 P
1643 2717 1717 2738 quae-

101 2767 207 2790 cumque
227 2761 248 2783 P
351 2760 381 2784 41
403 2759 492 2792 multa]
511 2768 557 2784 om.
581 2760 602 2782 P
705 2759 737 2782 44
757 2759 868 2782 uolitatia
888 2758 909 2780 P

1497 2805 1509 2827 *l

179 2810 307 2829 Vasasnvs
323 2810 482 2830 romvxmvs.

1755 316 1842 347 LXV-

1752 571 1853 602 LXVI

1748 1391 1866 1422 LXVII

1746 1699 1879 1730 LXVIII

1747 1956 1850 1986 LXIX

1745 2059 1831 2089 LXX
