2038 3036
243 748 285 779 XI

225 1211 283 1241 XII

210 1931 285 1961 XIII

319 143 351 172 Η
919 132 1084 160 VENANTI
1106 131 1324 158 FOR'I'VNA'I'I

314 235 396 266 tione
429 235 560 264 laxaret.
609 231 729 261 'l'amen
755 230 810 260 hoc
835 239 896 259 non
919 226 1075 258 dubitavit
1100 225 1317 256 misericordia
1340 225 1416 257 iusti
1440 226 1491 257 vel
1515 226 1696 266 perquirere
1721 226 1772 258 vel
1796 226 1927 258 donare.

328 290 367 314 :tzt
405 291 473 322 Quo
506 283 604 323 pretio
629 281 805 322 persoluto.
842 278 972 317 contigit
998 282 1029 308 ut
1053 282 1126 308 ante
1151 277 1317 308 basilicam
1342 286 1438 318 saepe
1463 276 1568 309 dictus
1591 277 1763 309 sabaricus
1787 281 1930 318 praeter-

315 338 370 367 iret
404 342 433 366 et
467 346 522 365 nec
554 340 658 363 tmneu
683 332 781 362 oratio
804 331 922 371 quippe
946 332 1134 360 occurreret.
1183 328 1243 366 Qui
1267 328 1394 360 domum
1419 338 1508 360 suam
1532 329 1716 368 ingrediens
1739 329 1847 360 statim
1871 329 1930 360 ad-

313 388 446 426 fligitur,
483 386 597 423 ligatur
627 388 658 414 et
687 382 808 414 catenis
839 381 998 412 revinctus
1028 379 1069 411 ad
1100 384 1243 411 sanctum
1276 379 1469 421 perducitur.
1518 380 1628 420 Neque
1659 380 1704 412 sic
1733 390 1753 411 a
1782 380 1834 421 pio
1865 380 1931 411 viro

313 437 525 469 misericordia
557 435 691 469 tollitur,
726 433 782 465 sed
807 433 911 464 statim
937 432 1035 462 missa
1058 441 1151 472 prece
1175 431 1244 463 eius
1267 432 1429 463 obtinente
1453 431 1513 463 tide
1539 436 1702 473 purgatur.
1754 432 1814 472 ¹23⁴)
1841 433 1931 463 Tunc

311 489 425 520 adiecit
444 487 614 519 ⁸<aturricus
638 485 742 516 adlmc
767 484 880 523 viginti
904 492 1018 514 aureos
1041 482 1083 514 ad
1108 483 1242 524 pretium
1267 483 1351 523 quod
1374 487 1542 524 acceperat
1565 487 1596 514 et
1619 483 1659 515 de
1677 487 1802 515 centum
1820 483 1930 514 solidis

311 551 385 571 crux
415 540 455 570 ad
488 538 690 579 sepulchrum
723 536 806 567 beati
830 534 1046 575 Synldroriani
1076 534 1116 565 ab
1148 534 1217 575 ipso
1250 544 1406 575 suspensa
1433 538 1497 573 est,
1533 545 1613 575 quae
1638 544 1737 574 usque
1761 535 1856 566 hodie
1880 545 1931 566 res

309 596 356 622 cst
385 592 415 622 in
446 589 636 622 testimonio.
693 591 739 627 '235
779 591 849 625 Qua
879 586 1065 617 occansione
1096 586 1151 617 tilii
1184 586 1233 617 vel
1266 586 1350 617 tiliae
1374 586 1419 617 ita
1442 590 1551 618 sancte
1575 586 1752 618 conversati
1775 590 1864 625 sunt,
1899 589 1933 618 ut

311 653 365 683 per
396 641 586 673 monasteria
617 651 698 671 nuuc
723 642 835 678 regant
858 637 987 677 agmina
1012 636 1248 668 monachorum.
1296 640 1385 675 Quae
1409 647 1506 669 eausa
1530 638 1622 669 modo
1646 637 1791 669 mirabile
1816 637 1932 679 profuit

312 694 390 736 patri
416 694 466 725 vel
491 692 636 731 germini.
666 697 696 722 ut
723 700 853 732 parvum
877 689 1030 729 genitoris
1054 688 1210 729 flagitiirm
1236 689 1370 729 posteris
1394 689 1541 720 transiret
1563 689 1596 720 in
1620 689 1752 720 lucrum.

412 747 450 775 :ui
491 745 524 775 ln
550 754 630 784 pago
655 743 815 774 Alisiense
840 751 890 773 res
914 745 1006 780 gesta
1030 744 1088 772 cst.
1137 740 1281 772 Coniunx
1305 741 1447 772 inlustris
1472 741 1529 772 viri
1554 741 1677 773 Vult'ari
1702 741 1851 772 Destasia
1874 751 1931 773 no-

310 798 392 828 mine
418 796 524 827 vitalis
548 795 615 836 spei
640 794 784 826 distitnta
808 793 946 826 solatiis,
976 792 1105 832 linguae
1130 802 1243 824 carens
1267 792 1392 829 ot'ticiis,
1420 802 1476 833 per
1499 792 1629 824 biduum
1653 792 1718 824 iam
1742 796 1837 831 muta,
1866 792 1932 834 spi-

310 849 369 880 ritu
395 848 560 879 deficiente
584 846 794 880 decumbens.
822 844 985 885 adparatis
1009 843 1170 884 exsequiis
1194 843 1256 874 iam
1281 844 1460 884 palpitabat
1483 843 1651 875 exanimis.
1704 846 1764 883 (37,
1793 844 1853 876 Cui
1875 854 1932 876 eu—

311 901 401 939 logiis
426 910 481 941 per
505 899 722 940 presbyterum
748 907 838 928 suum
864 896 994 928 directis
1018 900 1065 933 et,
1094 895 1251 927 violenter
1274 895 1437 936 adapertis
1461 899 1681 936 praemortuae
1705 895 1871 934 dentibus,
1897 895 1931 928 in

309 963 360 984 ore
392 950 586 982 transiet-tis.
622 960 694 980 mox
724 953 756 980 ut
788 948 897 979 fauces
928 947 1103 979 semivivae
1134 947 1237 987 liquor
1267 947 1498 979 benedictionis
1522 947 1656 985 introiit,
1691 947 1797 979 statim
1821 947 1932 988 incipit

309 1008 507 1045 praemortua
538 1002 620 1033 ritae
645 1001 773 1032 flatibus
797 999 967 1037 anhelare.
1002 999 1085 1030 oculi
1110 1008 1186 1030 nece
1211 999 1350 1040 perclusi
1374 999 1480 1030 lumen
1504 998 1567 1030 diei
1592 998 1769 1038 requirere,
1804 1002 1838 1030 ut
1860 1002 1932 1040 post

310 1056 472 1087 funereum
499 1054 652 1094 pallorem
677 1052 775 1083 t'acies
799 1051 832 1082 in
856 1051 1000 1082 ruborem
1017 1050 1175 1087 transiret,
1204 1051 1304 1082 donee
1321 1051 1442 1082 cunctis
1459 1050 1661 1091 stupentibus
1678 1050 1839 1082 vivificata
1855 1060 1931 1082 cou-

308 1110 451 1144 sin-geret
475 1110 504 1137 et
528 1105 770 1136 circumstantes
795 1107 956 1134 auctorem
981 1102 1121 1134 muneris
1143 1102 1279 1142 gratiam
1304 1102 1535 1143 praedicarent..
1580 1102 1669 1140 Quae
1686 1101 1821 1142 singulis
1837 1101 1932 1134 annis

309 1158 457 1189 tributum
483 1157 566 1188 vitae
592 1156 686 1187 solvit
710 1166 765 1196 pro
788 1154 900 1196 pretio.

409 1212 447 1239 35
487 1208 635 1240 Ceterum
667 1207 895 1239 revelationum
921 1216 1049 1237 suarum
1073 1205 1144 1245 quis
1168 1208 1324 1236 scrutator
1346 1205 1497 1242 introeat,
1531 1205 1580 1237 cui
1604 1209 1677 1237 ante
1701 1209 1848 1245 quattuor
1870 1215 1929 1237 an-

309 1271 416 1292 norum
448 1259 605 1291 currIeula
634 1259 703 1300 ipsa
733 1258 938 1299 episcopatus
969 1257 1018 1288 sui
1047 1266 1144 1288 causa
1168 1267 1229 1288 non
1254 1260 1303 1288 cst
1324 1256 1535 1288 abscondita-t
1584 1258 1645 1297 (39)
1673 1258 1784 1298 Itaque
1808 1257 1931 1298 positus

308 1322 418 1353 sopore
454 1311 582 1352 inspicit
615 1322 635 1342 a
668 1310 805 1351 quodam
841 1319 916 1341 sene
947 1309 1055 1340 claves
1085 1308 1145 1339 sibi
1177 1312 1287 1349 portae
1317 1308 1498 1340 Parisiacae
1529 1308 1668 1349 porregi.
1727 1308 1931 1350 Interrogans

307 1364 383 1404 quid
407 1364 465 1394 hoc
489 1363 586 1398 tieret.
615 1361 738 1402 acecpit
762 1361 795 1392 iu
819 1370 1015 1402 responsum,
1044 1363 1077 1391 ut
1101 1360 1209 1391 salvas
1233 1369 1289 1391 eas
1312 1360 1443 1392 faceret.
1491 1359 1583 1398 Quod
1607 1364 1678 1401 post
1700 1360 1839 1392 civitatis
1862 1360 1931 1393 eius

307 1416 455 1456 episeopo
479 1413 663 1445 decedente.
693 1413 766 1444 dum
790 1411 1096 1453 praecellentissimo
1120 1411 1189 1452 regi
1212 1411 1460 1444 Childeberctho
1483 1416 1668 1451 occurreret.
1697 1412 1729 1443 in
1752 1412 1820 1443 eius
1844 1412 1930 1444 elec-

307 1467 391 1498 tione
415 1467 561 1498 etl'cctum
586 1465 641 1496 illa
665 1475 725 1495 vox
750 1464 875 1496 meruit.
929 1464 988 1503 (40)
1018 1462 1257 1503 Ordinatusque
1281 1463 1423 1504 pontifex
1446 1463 1551 1504 qualis
1575 1467 1774 1504 quantusque
1797 1473 1832 1496 se
1856 1473 1931 1504 ges-

308 1518 398 1550 serit.
435 1518 491 1549 hoe
523 1516 674 1558 expedire
705 1516 816 1556 lingua
845 1515 988 1546 mortalis
1019 1524 1081 1546 non
1112 1514 1246 1553 sufficit,
1282 1515 1430 1554 quoniam
1455 1525 1552 1556 supra
1574 1515 1735 1547 hominem
1758 1515 1818 1547 fuit
1841 1525 1932 1548 omne

308 1570 391 1610 quod
416 1569 524 1601 edidit.
574 1568 718 1608 Denique
741 1568 878 1608 adeptus
902 1567 1038 1607 gradum
1063 1576 1157 1598 curae
1181 1567 1351 1607 pastoralis
1374 1567 1553 1608 episcopus.
1586 1566 1625 1598 de
1649 1567 1745 1599 relico
1770 1577 1843 1599 vero
1866 1577 1933 1599 mo-

309 1622 428 1652 nachus
458 1621 658 1662 persistebat.
712 1622 771 1659 341)
800 1620 882 1651 Hinc
913 1629 947 1650 se
978 1618 1254 1658 srequentantilms
1279 1619 1449 1651 exercebat
1472 1619 1609 1660 vigiliis.
1643 1619 1717 1651 inde
1741 1619 1932 1651 continuatis

308 1673 488 1704 macerabat
513 1672 638 1703 inediis.
681 1672 893 1703 l‘ernoetabat
918 1671 1029 1711 algida
1053 1673 1201 1702 senectus
1224 1680 1281 1711 per
1304 1670 1439 1702 hiemem
1463 1671 1624 1702 sustinens
1647 1671 1816 1713 dupliciter
1832 1671 1933 1712 frigus

307 1725 422 1756 aetatis
445 1728 476 1755 et
498 1723 663 1764 temporis.
700 1722 783 1763 quod
806 1733 865 1754 nec
887 1723 1023 1754 tolerare
1048 1722 1169 1763 possint
1199 1722 1351 1762 potolenti
1374 1722 1524 1754 iuvenes
1561 1732 1595 1754 se
1618 1723 1723 1764 ipsum
1747 1733 1828 1764 pene
1852 1723 1932 1754 obli-

309 1777 432 1807 viscens
463 1786 518 1816 pro
548 1775 679 1807 victoria
710 1774 865 1815 corporis,
900 1777 1061 1814 tamquam
1093 1773 1118 1805 si
1149 1773 1244 1804 simul
1275 1774 1489 1806 accessissent
1520 1774 1660 1815 dignitas
1688 1778 1720 1806 et
1742 1774 1928 1806 necessitas.

313 1829 372 1867 (312)
401 1831 489 1865 Quae
520 1837 592 1858 vero
623 1827 847 1866 eleemosynae
878 1829 943 1857 tam
971 1825 1011 1857 dc
1035 1825 1128 1856 rebus
1153 1825 1309 1856 eeclesiae
1333 1836 1428 1865 quam
1452 1826 1562 1867 populi
1587 1826 1745 1857 oblatione
1770 1826 1821 1858 vel
1845 1826 1932 1867 regio

309 1889 436 1910 munere
461 1889 516 1919 per
537 1888 650 1909 manus
675 1878 776 1909 sancti
801 1878 904 1909 sactae
929 1881 1009 1910 sunt.
1039 1877 1126 1908 solus
1150 1877 1205 1909 ille
1229 1877 1281 1917 qui
1306 1877 1412 1908 omnia
1435 1877 1494 1909 scit
1517 1881 1548 1909 et
1571 1877 1658 1909 novit
1681 1880 1712 1909 ct
1735 1882 1892 1910 numerat.

410 1931 449 1960 423
490 1929 632 1969 Denique
657 1929 793 1969 quadam
818 1929 887 1961 viee
908 1928 1233 1970 praecellentissimus
1250 1928 1515 1960 Childebercthus
1540 1938 1595 1960 rex
1619 1939 1689 1960 cuni
1714 1929 1743 1960 ei
1761 1929 1932 1961 direxisset

309 1992 365 2012 sex
398 1981 486 2012 milia
517 1981 689 2012 solidorum
717 1981 912 2022 pauperibus
944 1980 1122 2020 eroganda,
1157 1979 1344 2020 expendens
1374 1980 1436 2011 tria
1465 1980 1555 2011 milia
1586 1980 1754 2012 revertitur
1776 1980 1818 2012 ad
1841 1981 1932 2022 pala-

309 2033 397 2064 tium.
442 2033 656 2071 Interrogatus
681 2043 699 2064 a
723 2043 809 2071 rege.
837 2032 863 2063 si
887 2032 992 2063 adhuc
1017 2031 1173 2063 resideret
1195 2031 1278 2071 quod
1301 2031 1413 2071 egenis
1436 2031 1597 2071 tribueret,
1626 2032 1790 2073 respondit
1810 2032 1932 2065 medie-

310 2088 405 2115 tatem
435 2084 593 2115 resedisse
625 2094 682 2115 nec
712 2083 872 2115 invenisse
896 2083 1007 2124 inopes
1031 2083 1145 2123 quibus
1169 2086 1268 2114 totum
1293 2083 1498 2124 expenderet.
1551 2084 1612 2124 (44)
1641 2084 1700 2116 Cui
1724 2094 1778 2115 rex
1801 2083 1927 2125 inquid:

313 2135 466 2168 Domine.
501 2135 583 2166 dona
612 2135 695 2175 quod
725 2135 848 2166 restitit.
898 2135 979 2165 Nam
1005 2134 1128 2166 Christo
1152 2134 1309 2175 largiente
1334 2134 1419 2174 quod
1442 2134 1576 2167 donetur
1598 2145 1659 2167 non
1683 2135 1800 2167 deficit.
1848 2135 1932 2168 Inci-

313 2187 390 2218 dens
414 2191 527 2218 aurata
551 2187 705 2225 missoria.
733 2191 886 2227 argentea
909 2197 987 2218 vasa
1011 2186 1237 2222 comminuens,
1266 2186 1421 2226 quidquid
1447 2186 1581 2227 primum
1601 2187 1713 2219 habuit
1728 2187 1809 2219 dans
1826 2197 1932 2219 saeer-

311 2238 374 2269 doti
399 2248 438 2269 ne
462 2237 616 2279 perderet.
670 2239 729 2277 ¹:¹5)
760 2239 834 2270 Erat
857 2248 932 2278 ergo
956 2238 1157 2279 expectanda
1181 2238 1339 2269 eontentio
1361 2238 1445 2270 inter
1469 2238 1667 2270 sacerdotem
1691 2242 1723 2271 et
1743 2239 1927 2280 principem.

315 2289 488 2320 Faciebaut
512 2289 598 2330 apud
622 2299 656 2321 se
680 2289 718 2321 de
742 2290 959 2321 misericordia
982 2300 1121 2330 pugnam
1146 2293 1177 2321 et
1201 2289 1240 2321 de
1265 2289 1383 2330 pietate
1408 2293 1578 2328 certamen,
1605 2290 1772 2322 thesauros
1792 2294 1826 2322 ut
1842 2300 1933 2331 spar-

312 2345 422 2379 gerent
445 2345 476 2371 ct
499 2340 538 2372 dc
563 2341 629 2372 suis
653 2341 782 2373 talentis
806 2341 900 2381 egeni
925 2341 1121 2380 ditiSeerent,
1151 2341 1258 2372 festini
1281 2341 1323 2372 ad
1339 2340 1445 2373 futura
1461 2341 1560 2380 luera,
1588 2344 1621 2373 ut
1637 2342 1804 2373 bratheum
1822 2351 1930 2374 semen

311 2395 450 2423 sererent
484 2396 515 2423 ct
542 2396 612 2433 post
634 2402 793 2424 messores
817 2392 1007 2424 accederent
1030 2392 1228 2423 aurolentam
1252 2402 1309 2434 per
1331 2396 1490 2433 segetem:
1527 2396 1560 2424 ut
1583 2393 1733 2425 sacerdos
1756 2393 1931 2435 locupleta-

397 2523 411 2543 :5
432 2523 533 2544 orationi
556 2522 623 2544 If-'tfl
748 2521 853 2554 quippe]
873 2522 901 2551 1¹,
923 2529 1021 2552 qnoque
1044 2520 1076 2544 (12
1216 2523 1230 2545 (i
1249 2522 1345 2545 soledos
1365 2522 1387 2544 1¹
1526 2523 1538 2546 Τ
1559 2521 1644 2555 hodie]
1663 2523 1805 2546 hodiernam
1824 2524 1888 2546 diem
1911 2522 1931 2545 G

312 2567 326 2582 s
346 2565 455 2586 »mamers-1
479 2563 498 2585 Ι’
613 2564 636 2587 ll
662 2565 762 2587 unlt'arii
783 2566 802 2585 ἰ’
920 2565 948 2588 12
969 2566 1044 2587 biduo
1065 2564 1085 2586 Ρ
1192 2564 1220 2587 13
1242 2565 1395 2594 palpetrabat
1415 2564 1444 2586 I’¹
1551 2566 1696 2595 euglogias?
1713 2566 1743 2588 Pl
1853 2565 1882 2589 15
1901 2566 1932 2588 li-

312 2606 383 2637 quor}
405 2606 480 2631 1'211'3.
504 2607 562 2633 ligor
585 2606 612 2628 1⁴¹
722 2607 748 2629 li
771 2608 873 2630 funereo
893 2608 984 2637 pallore
1005 2608 1025 2630 I'
1132 2607 1161 2631 ls
1179 2608 1257 2636 gratia
1278 2607 1298 2629 Ι1
1401 2607 1433 2631 22
1453 2609 1519 2637 pomi
1541 2608 1579 2633 1²¹.
1604 2615 1664 2632 corr.
1773 2608 1804 2632 23
1824 2607 1862 2641 in]
1880 2615 1927 2631 om.

313 2652 331 2669 ri
460 2651 582 2678 responsis
603 2649 640 2677 1'1v
663 2657 726 2673 corr.
867 2650 897 2674 2-1
919 2649 1111 2683 childeberctho]
1131 2652 1223 2679 scripsi,
1246 2650 1278 2679 cs.
1300 2657 1374 2673 carm.
1401 2651 1440 2678 1Ἰ,
1463 2652 1486 2676 2,
1509 2652 1551 2680 13,
1572 2651 1724 2674 childeberto
1743 2658 1835 2681 semper
1853 2651 1897 2674 PG

313 2692 457 2714 vlt-ctionem
481 2693 500 2713 (ι’
645 2692 674 2714 ’.Π
698 2691 782 2724 relico]
803 2693 829 2722 P,
857 2693 890 2722 cs.
913 2694 963 2716 ind.
984 2701 1057 2717 earm.
1085 2694 1124 2723 Vl,
1146 2695 1161 2715 S
1308 2691 1378 2725 uero]
1397 2701 1457 2718 eras.
1483 2694 1503 2715 G
1652 2694 1683 2717 2⁸3
1705 2695 1877 2724 frequentibus
1898 2691 1931 2716 G²

314 2735 345 2755 :w
366 2735 441 2762 possit
456 2735 493 2759 1¹¹,
518 2739 616 2763 possi-nt
632 2734 662 2756 ΡΞ
767 2736 797 2757 33
817 2735 874 2768 scit]
888 2737 951 2758 sicut
966 2737 986 2759 l’
1089 2740 1204 2759 numeret
1218 2735 1246 2758 ΡΙ
1353 2736 1385 2760 35
1405 2737 1504 2759 desecet
1519 2736 1555 2765 1²¹,
1578 2737 1677 2760 deficiet
1692 2735 1724 2760 1¹2¹
1828 2736 1860 2760 43
1879 2742 1930 2759 mes

316 2776 354 2800 1¹¹.
377 2784 454 2798 mvsa·
476 2777 507 2798 1¹¹³
611 2778 749 2800 :reviderent
770 2778 812 2800 1⁵¹1·
919 2780 1047 2802 airrolenta
1067 2786 1109 2809 per
1128 2780 1231 2807 segitem
1252 2779 1273 2801 Ρ

1953 698 1981 718 to

1953 955 1981 975 ¹³

1950 1212 1979 1234 ²⁰

1950 1470 1980 1491 '25

1951 1728 1980 1749 3⁰

1951 1987 1980 2007 :35

1950 2244 1979 2263 to
