2038 3036
157 737 244 768 XXV

134 1350 238 1381 XXVI

116 1554 237 1586 xxm

274 140 313 163 §ts
576 131 768 158 ol’x·s‹·vl..-x
790 130 982 156 VENAN‘rlo
1002 129 1229 155 FORTVNATO
1248 129 1351 156 MALE
1371 129 1591 157 ATTRIBVTA

274 228 357 265 geris
381 228 506 258 alveum
532 235 640 256 secure
666 224 881 255 descenderet,
911 223 1076 254 Mamilius
1100 222 1218 254 ieiunio
1241 222 1395 264 fatigatus
1419 228 1449 255 et
1472 224 1612 256 oratione
1629 224 1661 256 iu
1677 226 1769 257 navis
1785 236 1893 268 puppe

274 279 435 319 pardulum
461 275 680 313 ..iurarunt—rat,
708 285 778 306 cuin
804 274 908 306 subito
932 273 1060 305 humani
1084 273 1212 313 generis
1234 274 1407 306 insidiante
1430 275 1558 307 inimico
1578 275 1706 308 diabolo
1720 281 1894 318 coeperunt

273 330 406 368 gurgiti<
437 329 645 359 intumescere
677 325 807 361 fluctus,
842 326 885 357 ita
917 330 947 356 nt
972 325 1161 356 cadentibus
1185 325 1325 366 desuper
1346 325 1477 367 limphis
1500 326 1662 367 submergi
1685 327 1776 358 navis
1798 332 1892 360 autu-

273 386 409 411 maretur
440 379 470 409 111
501 377 603 408 undis.
672 378 739 414 125»)
767 377 847 407 'l'um
878 375 1025 417 discipuli
1058 375 1168 407 timore
1200 377 1358 417 perterriti
1390 377 1609 409 excitaverunt
1632 388 1705 410 eum
1729 378 1886 411 diceutes:

272 432 396 469 l-Ixurge
433 428 615 469 ‹praumtius
645 433 675 458 et
706 436 870 459 succum-e,
911 426 1053 464 Mam-ili,
1096 426 1128 457 iu
1161 436 1329 468 supremae
1359 428 1469 460 mortis
1499 428 1666 469 naufragio
1697 429 1889 462 constitutis
1913 443 1926 460 ε,

271 481 522 522 Expcrgel'awtus
552 483 657 510 antem
682 478 746 509 illis
772 477 958 509 clementius
981 477 1098 518 iuquit:
1134 477 1225 515 Quod
1249 478 1326 509 mihi
1349 479 1503 519 quaeritis
1528 490 1601 512 ros.
1634 480 1762 519 fratres,
1795 481 1892 513 satis-

271 533 372 563 facere
403 531 561 572 poteratis.
624 531 701 560 ⁸120·
733 529 813 560 Tum
845 532 975 570 accepta
1006 538 1088 569 quac
1119 529 1278 561 benedicti
1303 530 1433 570 liquoris
1457 536 1524 562 erat
1547 531 1711 563 vasculum
1735 532 1888 573 ampulla,

270 593 340 614 mox
366 588 397 613 111
421 582 523 613 oleum
549 591 617 612 cum
643 580 783 611 oratione
808 584 838 612 et
863 580 954 620 signo
978 584 1108 611 sanctae
1133 580 1236 612 crucis
1259 580 1291 612 iu
1307 581 1465 622 gurgitem
1483 582 1643 623 respersit,
1671 582 1727 614 illa
1743 583 1892 615 saeviens

268 633 466 675 tempestatis
499 632 636 674 procella
667 631 850 673 temperatis
880 630 1008 663 flatibus
1038 631 1248 672 aequatisque
1282 632 1436 664 undarum
1468 633 1606 664 molibus
1636 634 1798 675 extemplo
1821 644 1891 666 ces-

268 685 358 716 savit.
408 684 497 716 Laeti
522 694 597 724 ergo
621 687 651 715 et
674 683 850 714 incolumes
874 686 907 714 ut
929 686 1119 723 aptaverant
1142 687 1356 724 pervenerunt
1378 683 1420 715 ad
1443 689 1578 725 portum.

375 737 430 766 127
470 735 666 767 Adolescens
689 733 818 774 quidam
842 733 1059 765 catecuminus
1083 733 1124 766 de
1148 744 1278 766 numero
1301 735 1459 767 ecclesiae
1476 735 1537 767 sibi
1553 736 1741 768 commissae
1757 737 1890 769 absente

268 787 412 818 Maurilio
442 791 504 818 tam
534 786 753 817 vehementem
778 785 899 816 febrem
924 785 1115 824 incurrerat,
1151 790 1184 817 ut
1206 790 1377 827 antequam
1402 787 1484 818 sacri
1508 787 1604 819 fontis
1627 787 1816 829 baptismate
1840 798 1891 820 re-

266 838 411 878 generari
445 838 610 879 potuisset.
647 837 790 878 spiritum
823 836 1001 868 exhalaret.
1049 836 1116 868 Nee
1145 847 1234 869 mora
1264 842 1412 879 parentes
1436 838 1537 880 ipsius
1561 848 1622 870 non
1645 839 1713 870 sine
1736 839 1890 870 inmensis

267 900 303 921 ac
326 889 443 921 crebris
467 888 613 929 suspiriis
637 887 893 928 singultilmsque
918 892 1013 928 atque
1038 888 1188 929 lacrimis⁷
1215 888 1291 920 dum
1315 889 1403 921 loeus
1427 889 1529 922 funeri
1553 894 1727 931 pararetur,
1755 900 1827 922 eum
1848 889 1890 922 ad

267 941 434 973 ecclesiam
463 940 657 971 detulerunt.
693 949 762 970 cuni
788 939 891 971 subito
917 939 1029 971 beatus
1053 939 1220 971 Maurilius
1244 940 1359 972 adesse
1383 941 1557 972 nuntiatur.
1610 941 1691 979 (128;
1719 940 1780 978 Qui
1804 951 1890 973 eom-

266 998 354 1034 perto
377 992 460 1032 quod
484 992 552 1023 sine
577 990 776 1032 baptismatis
800 990 941 1022 remedio
965 990 1077 1022 ultimo
1101 990 1287 1032 fungeretur
1309 992 1408 1024 offitio
1432 992 1597 1034 ingemuit.
1642 993 1723 1024 Tum
1748 993 1890 1025 sentiens

266 1055 322 1086 per
346 1044 488 1085 spiritum
513 1042 574 1074 sibi
598 1042 713 1074 adesse
737 1042 894 1075 virtutem.
924 1042 1035 1083 egredi
1059 1052 1170 1075 omnes
1193 1043 1342 1075 cellulam
1367 1043 1399 1075 in
1424 1054 1485 1085 qua
1509 1053 1622 1085 corpus
1637 1043 1762 1076 iacebat
1777 1048 1889 1086 sponte

265 1095 442 1137 praecepit,
479 1094 531 1125 ubi
563 1093 737 1134 singularis
766 1103 836 1124 cum
861 1103 958 1135 puero
982 1103 1150 1126 remanens
1175 1094 1214 1126 de
1238 1104 1324 1127 more
1348 1095 1518 1136 prostravit
1541 1105 1575 1127 se
1598 1095 1630 1126 in
1653 1095 1795 1127 oratione
1819 1105 1888 1127 eum

264 1147 382 1187 gemitu
407 1150 437 1178 et
461 1145 568 1186 rigans
592 1144 733 1176 lacrimis
757 1145 872 1176 solum.
907 1145 960 1176 vix
983 1148 1104 1177 tautum
1130 1145 1232 1187 spatio
1256 1146 1349 1178 unius
1373 1146 1469 1178 horae
1492 1146 1701 1187 intergresso,
1729 1146 1809 1178 vidit
1831 1147 1889 1178 de-

265 1199 403 1229 functum
436 1196 613 1238 palpitante
643 1195 754 1237 spiritu
780 1196 932 1237 paulatim
958 1196 1109 1228 membris
1133 1197 1278 1228 omnibus
1303 1197 1509 1235 commoveri,
1543 1207 1637 1238 quem
1661 1197 1767 1229 statim
1792 1201 1826 1229 ut
1848 1197 1888 1230 de

264 1249 403 1280 oratione
434 1247 570 1279 surrexit
599 1247 784 1288 parentibus
813 1247 867 1288 qui
897 1257 952 1288 pro
983 1247 1104 1279 foribus
1131 1247 1299 1280 astiterant
1330 1248 1435 1280 vivum
1468 1252 1498 1281 et
1526 1249 1718 1281 incolumem
1749 1248 1889 1281 reddidit

263 1310 299 1331 ac
323 1310 411 1332 sacro
434 1299 624 1340 baptismate
649 1298 854 1331 consecravit.

368 1353 423 1381 129
463 1350 549 1382 Duos
580 1350 717 1390 denique
747 1350 889 1391 leprosos
920 1350 978 1382 sub
1009 1350 1080 1391 ipso
1112 1354 1254 1392 tempore
1279 1351 1436 1393 pervariis
1460 1351 1644 1383 vulneribus
1667 1352 1816 1383 obsessos
1839 1356 1888 1384 at-

263 1413 322 1443 que
351 1402 508 1436 foedatos,
544 1401 618 1433 dum
643 1401 756 1433 salutis
782 1401 958 1433 remedium
983 1411 1002 1433 a
1025 1402 1118 1434 beato
1142 1402 1290 1443 pontifice
1314 1403 1511 1444 postularent
1534 1406 1565 1434 et
1587 1402 1656 1444 ipse
1679 1402 1763 1443 quod
1786 1402 1887 1434 domi-

263 1464 321 1486 nus
351 1464 405 1485 eos
435 1453 560 1485 salvare
590 1452 777 1493 dignaretur
807 1453 972 1485 humiliter
997 1453 1220 1495 responderet,
1255 1454 1329 1486 ilico
1360 1454 1456 1486 verbo
1480 1457 1602 1486 tantum
1626 1453 1804 1486 medicante
1828 1454 1886 1486 sub

261 1509 418 1537 momento
441 1504 573 1536 curavit.
1470 1506 1473 1513 ⁴

367 1559 431 1593 13111
462 1556 551 1594 Quae
580 1556 612 1587 iu
644 1555 764 1587 sanetis
788 1555 854 1587 suis
878 1556 1025 1587 dominus
1049 1560 1198 1597 operatur
1221 1560 1295 1588 sunt
1317 1556 1446 1597 quidem
1470 1556 1663 1595 ineffabilia,
1698 1556 1756 1588 sed
1779 1561 1885 1588 tamen

261 1607 459 1639 incredibilia
490 1617 550 1638 non
583 1611 657 1639 sunt
685 1607 911 1648 omnipotentis
934 1607 1053 1639 Christi
1078 1607 1245 1639 miracula.
1293 1608 1341 1639 De
1364 1608 1458 1640 beato
1481 1618 1556 1649 ergo
1580 1607 1726 1639 Maurilio
1750 1618 1811 1640 non
1835 1618 1887 1640 so-

262 1659 325 1690 lum
357 1659 524 1699 generales
555 1663 586 1690 et
615 1658 791 1690 cotidianas
821 1668 901 1698 quas
931 1669 988 1700 per
1017 1669 1089 1691 enm
1113 1659 1259 1691 dominus
1283 1660 1476 1701 operabatur
1499 1659 1632 1691 virtutes
1656 1659 1713 1691 sed
1736 1659 1787 1691 vel
1812 1669 1886 1700 spe-

261 1711 358 1741 ciales
382 1715 501 1742 tantum
526 1714 557 1741 et
582 1709 772 1751 praecipuas
796 1710 933 1742 seribere
958 1710 1054 1751 digne
1078 1710 1150 1751 quis
1173 1711 1307 1752 poterit?
1356 1712 1437 1751 (131)
1466 1711 1569 1742 Vnum
1586 1710 1643 1742 sed
1659 1714 1765 1742 tamen
1781 1711 1885 1743 adhue

1912 697 1941 717 10

1912 953 1941 972 1⁵

1909 1208 1939 1229 20

1907 1464 1938 1485 25

1905 1722 1936 1741 :lo

261 1761 405 1792 mirabile
432 1761 618 1792 miraculum
649 1761 734 1801 quod
765 1761 881 1793 nostris
911 1762 1056 1793 omnibus
1087 1765 1118 1794 et
1148 1762 1256 1793 multis
1286 1762 1350 1793 iam
1381 1762 1454 1794 aliis
1484 1762 1668 1803 regionibus
1699 1766 1748 1794 est
1777 1765 1883 1794 notum
1923 1805 1926 1809 .

261 1813 395 1853 qualiter
425 1823 482 1853 per
511 1823 582 1843 eum
611 1812 758 1844 dominus
782 1812 893 1844 feeerit
915 1812 1133 1845 adnectemus.
1183 1813 1375 1854 Peregrinus
1399 1813 1528 1853 qnidam
1553 1813 1627 1845 dum
1650 1813 1781 1845 hiemali
1804 1817 1885 1846 tem—

261 1952 387 1973 era-tione
406 1958 460 1973 cum
482 1951 534 1980 ipso
553 1957 630 1980 aquae
649 1950 756 1974 decursu
776 1951 952 1981 descenderet,
981 1952 1096 1975 navicula
1115 1952 1197 1982 coepit
1216 1953 1293 1981 mergi
1313 1953 1390 1974 11110111
1410 1953 1609 1980 intumescente,
1636 1954 1748 1974 sanetum
1767 1958 1824 1974 vero
1843 1951 1883 1975 dei

261 1994 410 2017 sacerdotem
436 2000 467 2016 ex
493 1994 622 2016 nocturnis
648 1994 778 2022 fatigatum
805 1994 896 2023 vigiliis
922 2001 992 2024 sopor
1016 1998 1181 2025 oppresserat.
1219 1995 1375 2018 Accedentes
1394 1994 1454 2018 socii
1473 1995 1659 2018 suscitaverunt
1679 2001 1736 2017 eum
1754 1994 1880 2018 dieentes:

260 2037 323 2064 Quid
348 2040 386 2059 est
411 2036 475 2066 quod
500 2037 570 2065 agis?
598 2037 644 2058 iarn
671 2037 788 2066 perimus.
828 2036 872 2059 Ille
900 2037 1035 2061 clementer
1060 2037 1213 2068 respondens
1239 2038 1272 2060 ait
1297 2038 1349 2061 eis:
1374 2037 1480 2061 Vosmet
1505 2038 1554 2067 ipsi
1572 2037 1617 2061 hoe
1635 2038 1716 2060 facere
1735 2037 1882 2067 potueratis,

261 2080 361 2108 fratres,
389 2085 411 2101 vt
438 2082 536 2108 acrepta
561 2079 669 2108 ampulla
693 2080 734 2102 ubi
759 2082 858 2103 sanctus
885 2081 967 2110 liquor
986 2084 1050 2107 erat.
1079 2081 1147 2104 fudit
1165 2081 1191 2104 in
1211 2081 1302 2104 fluctus
1321 2081 1402 2104 oleum
1422 2087 1477 2103 cum
1497 2081 1606 2103 oratione
1625 2083 1651 2103 et
1669 2086 1725 2103 mox
1744 2079 1810 2103 unda
1828 2086 1883 2103 ces-

261 2122 323 2144 <ax-it
344 2122 388 2144 sub
408 2125 531 2145 momento
551 2122 732 2151 tranquillitate
752 2122 860 2145 reducta.

348 2164 441 2187 11—21
466 2164 631 2193 ,uaynobodus
650 2172 670 2187 c.
694 2166 741 2187 24:
765 2166 877 2188 Abs-ente
901 2166 964 2189 forte
984 2170 1068 2189 saneto
1087 2166 1203 2191 Maur-ilio
1223 2167 1339 2197 pontifice
1358 2166 1464 2196 quadam
1485 2166 1525 2189 die
1543 2172 1611 2189 unus
1630 2165 1660 2188 de
1679 2171 1781 2188 numero
1800 2164 1882 2188 samu·

259 2208 336 2230 lorum
356 2208 474 2230 eccli-siae
494 2207 664 2230 vehementem
685 2208 778 2231 febrem
799 2209 911 2231 incurrit.
951 2209 1069 2232 Defertur
1089 2210 1113 2232 in
1134 2210 1254 2233 ecclesiae
1273 2210 1415 2238 sacrarium,
1439 2210 1482 2232 ubi
1502 2209 1609 2239 suspiria
1627 2212 1653 2231 et
1671 2207 1798 2237 singultus
1817 2208 1882 2230 mix-

260 2255 346 2279 tasque
371 2250 482 2273 lacrimas
508 2257 583 2281 super
608 2257 664 2273 eum
690 2250 847 2274 deducebant
867 2252 931 2274 oculi
952 2253 1081 2275 sociorum.
1121 2253 1172 2276 Iam
1192 2253 1293 2283 quidem
1313 2252 1506 2275 catechumenus
1525 2254 1587 2274 erat.
1626 2250 1714 2274 Subito
1732 2250 1773 2274 dei
1792 2250 1882 2273 volun-

260 2296 309 2314 tate
329 2292 464 2315 adveniens
484 2293 570 2315 beatus
585 2292 714 2316 Manrilius
734 2294 759 2317 in
780 2294 833 2324 ipso
853 2295 901 2317 iam
921 2295 970 2317 inm
990 2295 1068 2318 futuri
1087 2296 1172 2318 exitus
1192 2296 1296 2318 articulo
1314 2296 1450 2326 praecepit,
1473 2298 1501 2318 ut
1519 2293 1696 2323 egrederentur
1709 2293 1792 2316 cuncti
1805 2293 1878 2316 foras.

260 2335 315 2365 lpse
335 2336 466 2363 singularis
486 2343 541 2358 cum
562 2343 638 2366 puero
658 2337 785 2365 remansit,
807 2338 850 2366 qul
871 2338 912 2360 vix
932 2337 1032 2361 tandem
1052 2345 1168 2368 supremo
1188 2339 1280 2369 spiritu
1299 2339 1442 2368 palpitabat.
1484 2338 1564 2360 Vnius
1583 2336 1654 2360 horae
1673 2336 1781 2366 spatium
1801 2342 1880 2359 mora-

259 2382 298 2400 tu.-
318 2385 402 2401 servus
421 2378 471 2406 1181,
491 2385 546 2402 0000
565 2379 691 2408 egreditur
709 2386 764 2402 cum
784 2386 860 2409 puero
880 2381 990 2410 integrae
1009 2382 1137 2411 sospitatis
1157 2382 1266 2405 laetante
1285 2387 1388 2404 munere
1407 2381 1547 2411 repentino.

345 2420 444 2444 215-20
467 2420 634 2450 slagsnobodus
653 2429 673 2445 c.
696 2423 743 2446 2³5:
772 2422 869 2446 Miseris
894 2423 1002 2446 foedatos
1027 2424 1173 2447 vulneribus
1200 2424 1260 2447 duos
1285 2425 1392 2454 leprosos
1416 2426 1518 2446 sanctus
1542 2422 1582 2445 dei
1608 2422 1732 2445 confessor
1750 2421 1881 2445 Maurilius

260 2464 331 2485 verbo
350 2464 519 2486 tantummodo
538 2464 676 2487 medicante
695 2466 800 2488 curauit.
842 2465 902 2488 Nam
922 2466 1052 2489 alimoniae
1073 2468 1164 2497 stipem
1184 2470 1315 2497 poscentes
1334 2467 1392 2496 pins
1412 2469 1494 2496 pastor
1513 2465 1590 2488 multo
1609 2465 1700 2488 maiore
1718 2471 1792 2494 quam
1810 2467 1882 2495 pete-

259 2511 312 2528 rvnt
332 2507 518 2530 commiss-ratus
537 2508 668 2530 clementia
688 2509 770 2531 subito
789 2509 852 2531 cutis
873 2513 983 2538 reparato
1003 2509 1088 2532 decore
1109 2510 1370 2539 insperatae-sanitati
1390 2510 1548 2532 restauravit,

345 2548 374 2571 ·.·7
396 2562 426 2565 -
445 2558 470 2578 p.
487 2551 527 2573 1111.
550 2551 567 2573 l.
587 2550 614 2573 15
636 2550 803 2580 ,lluynohodus
823 2559 842 2574 c.
866 2553 916 2574 27.-
937 2552 1006 2579 Quod
1028 2553 1119 2575 sactum
1140 2556 1177 2576 est
1197 2553 1226 2575 ad
1246 2553 1364 2575 ecelesiae
1384 2552 1424 2575 dei
1444 2552 1640 2575 aedificationem
1660 2549 1806 2573 miraculum
1826 2556 1879 2572 ma-

259 2591 402 2613 nil‹:stat=1111
423 2596 459 2614 cst
480 2593 595 2615 universo
616 2594 749 2616 1·11·111111-11111
770 2597 887 2616 terrarum
907 2595 994 2624 spatio.
1028 2595 1091 2618 Cum
1110 2596 1204 2618 electus
1223 2595 1262 2617 dei
1282 2598 1383 2618 sanctus
1404 2594 1538 2617 Maurilius
1557 2593 1646 2616 hiemis
1665 2596 1774 2623 tempore
1793 2591 1822 2614 ad
1842 2592 1880 2614 vi-

260 2640 313 2655 vum
335 2633 492 2663 Sap-mariani
514 2642 555 2663 pro
575 2636 719 2658 wwessnriis
738 2637 819 2665 gregis
839 2637 877 2659 sui
898 2638 945 2660 iter
964 2638 1025 2660 illud
1046 2645 1119 2661 snum
1140 2638 1287 2661 incessabile
1307 2639 1412 2662 faceret.
1441 2638 1475 2660 ita
1495 2643 1560 2659 mors
1579 2636 1661 2659 subita
1680 2636 1829 2664 contigerat,
1853 2636 1880 2657 ut

347 2762 359 2781 ἵι
380 2763 525 2784 ·1111-·1111111·1-
560 2766 578 2783 ‘r'
701 2763 727 2786 17
749 2763 849 2795 sponte]
869 2771 906 2787 om
935 2764 954 2787 1¹
