2038 3036
285 141 337 168 μη
582 136 776 162 ‹›1’vscv1..·x
798 134 989 161 VENAN'rlo
1009 133 1236 160 FouTx'NA'ro
1257 133 1359 160 MALE
1379 134 1600 162 ATTRIBVTA

295 235 331 262 22¹
375 230 600 262 l'erscentionis
624 240 699 267 crgo
724 229 882 268 publicata
908 228 1074 259 sententia.
1104 227 1272 268 impiorum
1296 228 1442 268 gaudens
1458 229 1548 260 turba
1566 229 1765 270 progreditur
1781 236 1812 261 et
1828 240 1901 261 con·

279 289 324 314 tra
350 282 538 313 duruinicuin
565 281 714 320 pupulum
741 284 918 320 pugnatura
944 279 1103 319 conspirat
1126 289 1186 309 non
1211 279 1348 310 euin-tati
1365 279 1517 320 adpetere
1533 280 1642 320 gladio
1659 291 1738 320 quos
1755 280 1902 313 [lanuinus

279 344 350 363 suns
384 336 609 363 nic-nstrmcrat
642 341 712 361 esse
745 330 922 369 sigum-nlo.
986 331 1025 360 '223
1066 329 1176 370 ltaque
1200 340 1270 360 cuni
1295 330 1459 361 occiduam
1484 331 1568 362 orbis
1593 336 1715 372 partem
1739 342 1794 373 pro
1818 332 1901 364 cliri-

278 385 447 414 stia11·›1·1uu
482 382 683 422 inquisitione
715 386 948 422 percurrerent.
982 386 1124 412 sanctum
1151 381 1327 412 Diouisium
1353 385 1459 413 contra
1483 382 1665 413 incredulos
1689 382 1900 415 demicantem

280 435 416 464 l’arisius
453 439 671 474 reppererunt.
711 443 843 473 apuu-uni
877 432 1039 463 Rusticum
1071 437 1101 463 ct
1133 431 1350 464 Eleutherium
1383 432 1638 465 archidiaconem
1670 435 1901 475 persecutionis

279 487 361 515 t'nrur
386 485 514 515 invenit.
559 484 608 514 llii
634 484 734 515 sancti
760 484 817 514 riri
841 494 859 514 a
885 483 969 515 beati
990 483 1122 514 Dionisii
1147 493 1308 523 nunqnam
1333 484 1551 516 sustinuerunt
1574 484 1688 517 abesse
1705 486 1895 526 praesentia.

276 546 352 574 qum*
377 536 406 566 in
433 546 526 566 unuin
553 535 756 574 interrogatio
781 535 976 575 percussoris
999 534 1132 568 invenit.
1161 534 1218 566 sed
1243 535 1406 576 repperire
1431 546 1491 566 non
1516 536 1616 577 potuit
1639 546 1732 577 quem
1756 547 1775 568 a
1799 537 1901 569 socie-

276 592 338 617 tate
364 587 504 627 martyrii
530 590 704 627 separaret.
771 588 806 616 21
850 586 1037 625 Interrogati
1063 596 1158 617 unum
1183 589 1214 617 et
1237 596 1346 617 verum
1370 587 1402 618 in
1427 587 1567 618 trinitate
1588 587 1683 619 deum
1700 588 1896 620 confitentur.

275 644 391 668 terrore
422 637 544 668 subacti
577 637 747 677 multisque
779 637 898 668 adflicti
933 637 1055 668 iniuriis
1086 637 1135 668 vel
1169 637 1336 678 suppliciis
1367 638 1518 669 macerati
1550 638 1739 670 christianos
1770 649 1804 671 se
1828 650 1899 672 esse

275 695 429 720 testantur
453 689 582 729 risuque
607 688 812 729 percutientis
836 688 900 719 ictu
925 688 1043 719 domini
1068 698 1105 719 ac
1129 688 1179 720 dei
1204 688 1301 719 nostri
1326 698 1360 720 se
1386 688 1523 720 famulos
1549 699 1664 730 magna
1689 690 1900 722 confessionis

274 751 348 771 voce
381 740 593 781 pronuntiant.
669 741 713 769 227
748 740 781 770 ln
815 740 874 770 bac
905 749 982 779 ergo
1013 738 1086 771 fidei
1118 739 1286 780 pertinatia
1318 744 1557 780 permanentes.
1597 740 1766 773 reddentes
1796 746 1899 774 terrae

274 802 421 833 corpora.
457 792 568 822 beatas
592 791 680 823 eaelo
704 791 828 821 animas
852 790 1041 822 intulerunt.
1076 790 1133 821 tali
1157 790 1199 822 ad
1223 790 1385 822 dominum
1410 796 1592 823 meruerunt
1616 792 1815 833 professione
1840 793 1899 824 mi-

273 853 376 882 grare
405 848 437 874 ut
459 842 631 883 amputatis
655 842 815 883 capitibus
839 842 943 873 adbuc
968 841 1138 882 putabatur
1162 841 1273 882 lingua
1298 842 1459 883 palpitans
1476 842 1602 874 domino
1618 843 1777 875 confiteri:
1804 844 1899 876 beata

274 895 403 925 niniiuni
435 899 463 925 ct
496 894 622 925 (hunino
655 897 759 924 nostro
783 897 875 933 grata
899 893 1052 927 societas.
1087 893 1169 925 inter
1191 903 1270 933 quos
1294 903 1351 925 nec
1375 894 1495 935 primus
1518 894 1600 925 alter
1622 894 1724 936 potuit
1746 905 1817 927 esse
1841 905 1898 927 nec

273 946 393 976 tertius.
422 945 479 977 sed
503 945 673 976 trinitatem
699 945 885 976 confitentes
908 955 971 975 non
997 947 1167 985 potuerunt
1190 954 1251 976 non
1276 945 1492 976 venerabilem
1516 945 1619 977 locum
1642 945 1724 977 trino
1749 946 1898 979 decorare

272 997 434 1037 rnartyrin.
490 999 538 1026 ’211
577 997 754 1027 Metuentes
785 996 881 1035 igitur
911 1005 1132 1037 percussores⁷
1168 1006 1207 1027 ne
1239 996 1382 1027 conversi
1407 996 1514 1037 populi
1538 996 1726 1028 fidelissima
1751 998 1898 1038 probata-

272 1058 332 1087 que
356 1047 482 1079 devotio
507 1052 686 1078 sanctorum
711 1057 841 1088 corpora
866 1046 1031 1088 profutura
1055 1047 1116 1078 sibi
1139 1047 1181 1078 ad
1204 1047 1414 1088 patrocinium
1439 1048 1627 1086 tumularet,
1655 1048 1785 1089 elegunt
1809 1049 1898 1080 tetris

271 1102 439 1138 ⁸sequanae
471 1098 699 1139 prot'uinlisque
730 1098 912 1139 gurgitibus
943 1102 1118 1139 martyrum
1150 1108 1280 1139 corpora
1309 1098 1475 1139 perdenda
1498 1099 1710 1138 committere,
1745 1109 1826 1140 quae
1849 1100 1899 1131 in-

271 1150 372 1190 posita
398 1150 532 1181 naribus
555 1149 597 1180 ad
622 1150 781 1190 provisum
806 1149 952 1181 iubentur
974 1149 1134 1190 gurgitem
1159 1149 1322 1181 destinari.
1377 1151 1435 1190 [2711
1465 1151 1555 1182 Tunc
1579 1154 1723 1182 matrona
1739 1151 1897 1191 quaedam

271 1202 395 1233 Catulla
421 1201 560 1235 nomine,
595 1211 677 1241 quac.
701 1201 776 1233 licet
799 1210 996 1242 paganorum
1020 1201 1174 1242 inplicata
1197 1204 1357 1233 teneretur
1380 1211 1501 1234 errore.
1528 1202 1767 1234 conversionem
1790 1206 1897 1234 tamen

271 1264 304 1283 sc
336 1252 520 1284 desiderare
548 1256 664 1293 Lmente
688 1253 885 1284 monstrabat
909 1256 941 1284 et
963 1254 1091 1293 opere,
1128 1252 1234 1284 faeere
1258 1253 1383 1293 aliquid
1408 1253 1552 1293 cogitans
1576 1253 1702 1285 domino
1726 1254 1894 1294 placitura.

271 1315 325 1334 usa
359 1304 535 1335 subtilitate
566 1304 688 1335 consilii
720 1304 762 1335 ad
786 1303 966 1335 convivium
991 1304 1100 1335 venire
1125 1304 1263 1345 postolat
1286 1313 1505 1345 percussores,
1540 1307 1571 1335 et
1595 1303 1670 1335 dum
1695 1305 1817 1346 copiam
1841 1306 1899 1336 ob-

271 1356 353 1386 latae
386 1356 592 1386 humanitatis
623 1355 780 1387 extendit.
816 1366 835 1386 a
866 1355 1019 1387 memoria
1050 1365 1158 1387 eorum
1190 1365 1271 1396 quae
1303 1359 1512 1397 susceperant
1534 1355 1662 1396 agenda
1685 1355 1837 1388 discnssit
1859 1367 1897 1389 ac

270 1407 418 1437 fidelibus
445 1407 511 1437 suis
535 1410 656 1438 secreta
679 1406 879 1438 ordinatione
904 1406 1085 1438 committit.
1121 1410 1156 1438 ut
1178 1406 1340 1438 subtracta
1363 1406 1447 1438 furto
1471 1416 1601 1448 corpora
1625 1407 1765 1448 diligens
1789 1408 1898 1439 elabo-

271 1463 353 1489 raret
384 1458 543 1489 ‹eu-culture
574 1458 721 1499 provisio.
777 1459 838 1498 (28)
866 1458 926 1495 Qui
957 1457 1105 1489 dominae
1133 1457 1330 1489 ordinatione
1355 1461 1506 1498 conperta
1528 1457 1718 1490 festinanter
1741 1458 1825 1499 quod
1848 1459 1896 1491 eis

271 1513 474 1551 praeceptum
500 1509 604 1541 fuerat
626 1513 818 1541 exsecuntur
841 1508 1022 1549 furtumque
1040 1509 1204 1540 laudabile
1220 1509 1253 1540 in
1269 1512 1359 1541 sexto
1376 1509 1416 1540 ab
1433 1509 1510 1540 urbe
1528 1513 1700 1541 memorato
1717 1510 1836 1551 lapide.
1864 1509 1896 1541 id

270 1565 316 1593 est
333 1561 364 1592 in
381 1565 502 1592 aratam
521 1571 615 1601 quam
632 1561 808 1592 seminibus
824 1564 1094 1602 praeparaverant
1111 1559 1268 1592 industria
1290 1560 1425 1592 colentis
1448 1560 1657 1593 abscondunt.
1712 1562 1767 1592 ‘29‘
1800 1562 1897 1593 Facta

271 1617 302 1643 ut
327 1612 421 1643 moris
445 1616 493 1644 est
517 1612 638 1643 satione
662 1621 720 1643 nec
745 1622 836 1643 suurn
861 1621 955 1652 seges
979 1611 1111 1652 negavit
1134 1611 1335 1652 obsequium,
1372 1621 1454 1652 quae
1476 1612 1542 1644 tale
1566 1612 1738 1644 fecundata
1768 1612 1897 1654 pingui-

269 1664 360 1695 dine.
395 1663 439 1695 sic
470 1663 501 1694 in
529 1674 565 1695 ea
590 1663 779 1695 beneficium
804 1673 838 1695 se
861 1663 1016 1695 ubertatis
1040 1662 1168 1694 effudit.
1206 1666 1239 1694 ut
1261 1663 1493 1704 centuplicatos
1517 1663 1638 1695 fructus
1661 1667 1692 1695 et
1716 1664 1816 1695 cultor
1838 1663 1897 1695 ad-

269 1715 405 1756 quireret
429 1719 460 1746 et
484 1714 587 1755 patria
611 1719 784 1747 mereretur
807 1715 954 1746 salutem.
995 1714 1067 1752 Qua
1087 1714 1281 1755 pubescente
1305 1714 1378 1746 totis
1402 1714 1495 1746 latuit
1517 1715 1602 1755 quod
1618 1718 1687 1747 erat
1703 1715 1895 1747 Parisiorum

269 1766 393 1807 populis
424 1766 633 1807 profuturum.
686 1767 745 1806 303
774 1765 946 1798 Antedicta
974 1769 1082 1797 tamen
1113 1765 1356 1797 materfamilias
1389 1765 1499 1797 horum
1528 1775 1590 1797 non
1612 1765 1767 1798 inmemor
1790 1776 1896 1798 secre-

269 1822 382 1853 torum,
409 1828 480 1849 cum
505 1818 639 1858 primum
664 1817 894 1859 persecutionis
918 1817 998 1849 vidit
1020 1817 1164 1858 tepuisse
1188 1816 1354 1856 servorem⁷
1390 1817 1493 1848 locum
1517 1820 1697 1849 sanctorum
1721 1820 1895 1858 martyrum

268 1879 338 1900 ossa
364 1873 543 1900 servantem
568 1879 629 1908 qua
654 1869 794 1909 oportuit
817 1868 1034 1900 sollicitudine
1058 1867 1225 1908 requisivit
1247 1871 1342 1908 atque
1366 1868 1530 1900 inventum
1554 1868 1723 1900 eminentis
1740 1869 1895 1901 mausolei

269 1921 498 1952 constructione
529 1920 679 1960 signavit.
750 1921 810 1960 (31)
847 1919 938 1951 Vnde
968 1919 1170 1961 postmodum
1199 1919 1364 1951 christiani
1394 1919 1561 1951 basilicam
1596 1929 1692 1961 super
1721 1923 1894 1961 martyrum

269 1982 398 2012 corpora
431 1982 546 2011 magno
576 1975 703 2012 sumptu
734 1971 884 2011 cultuque
915 1971 1031 2002 eximio
1063 1974 1322 2003 construxerunt.
1359 1971 1412 2002 ubi
1442 1970 1556 2002 cotidie
1585 1975 1737 2012 operante
1767 1971 1894 2003 domino
1915 1981 1944 2000 ·.·.

269 2028 376 2054 nostro
400 2023 472 2054 Iesu
498 2023 622 2054 (flu-isto
654 2023 767 2054 merita
799 2033 907 2054 eorum
937 2022 1087 2054 virtutum
1112 2022 1284 2063 probantur
1307 2026 1482 2053 monstrare
1506 2022 1719 2062 frequentiam
1743 2025 1775 2054 et
1797 2031 1895 2063 expe-

270 2074 390 2105 riuntur
420 2074 551 2105 intirrni.
587 2078 738 2114 quantum
769 2074 821 2105 dei
852 2073 989 2105 famulos
1014 2073 1183 2105 conveniat
1206 2073 1368 2105 honorari.
1405 2073 1458 2104 ubi
1481 2073 1593 2114 recipit
1616 2073 1755 2105 caecitas
1778 2073 1891 2108 visum.

358 2254 365 2277 1
391 2255 576 2287 persecutiones
597 2253 622 2276 M
742 2255 823 2277 sentia
843 2253 884 2276 111ί
1008 2253 1022 2276 2
1042 2254 1194 2277 dominicum
1214 2251 1346 2286 populum]
1366 2253 1484 2276 dominu*
1505 2252 1532 2275 M
1653 2252 1667 2275 3
1687 2259 1747 2277 suo*
1769 2253 1811 2282 1⁷¹,
1835 2260 1895 2276 suus

271 2296 309 2319 ‚⁸1¹
415 2290 523 2319 ecci-{11¹5
544 2297 621 2319 turbis
642 2296 668 2318 ,11
773 2296 787 2320 -1
807 2297 995 2327 inquisitionem
1015 2296 1037 2319 P
1141 2296 1156 2319 5
1176 2301 1333 2326 reppererent
1355 2294 1399 2318 1112
1502 2302 1559 2319 cum
1578 2302 1626 2326 quo
1641 2295 1669 2318 M
1771 2297 1786 2319 ti
1806 2297 1894 2319 beato?

270 2339 289 2361 Ι)
408 2339 419 2361 ’ἶ
440 2338 525 2371 quem]
545 2338 589 2363 l’‘-⁷.
610 2346 658 2369 qua
678 2339 723 2368 ΡΙ,
745 2346 807 2369 quos
828 2339 853 2362 M
969 2339 983 2363 S
1003 2338 1042 2371 in]
1061 2346 1109 2363 om.
1125 2339 1147 2362 P
1259 2339 1318 2362 ciffi
1340 2339 1366 2361 M
1478 2340 1493 2362 u
1512 2342 1618 2361 terrore·
1640 2339 1687 2362 sibi
1712 2339 1746 2369 [iu
1764 2339 1893 2369 supera-r.)

270 2384 352 2405 iunctm
375 2382 400 2404 J!
526 2382 554 2405 12
573 2382 602 2404 ad
622 2381 764 2414 dominum]
784 2382 817 2411 111,
839 2382 939 2405 domino
959 2382 980 2405 P
1102 2383 1201 2411 migrari
1222 2382 1243 2404 P
1367 2382 1396 2405 13
1416 2379 1456 2414 ut]
1475 2388 1548 2411 quem
1568 2381 1589 2404 Ι)
1705 2382 1855 2412 putabantur
1874 2381 1896 2404 P

272 2424 299 2447 Η
320 2426 350 2447 «113
367 2436 410 2444 --·
440 2426 494 2447 rurs.
512 2431 559 2453 :grai
583 2425 624 2448 nr]
644 2425 720 2454 grasta
733 2428 863 2454 superi-iens,
889 2425 914 2447 M
1021 2425 1050 2449 15
1072 2423 1132 2456 non]
1151 2431 1211 2448 eras.
1229 2424 1256 2447 M
1360 2422 1421 2456 non]
1441 2427 1490 2447 tam
1510 2426 1536 2447 in
1555 2425 1630 2447 litura
1651 2422 1694 2446 M2
1801 2423 1830 2448 17
1849 2424 1893 2447 de-

270 2468 368 2490 uotione
389 2467 431 2489 ,11“-’
536 2468 689 2491 tumularent
710 2467 754 2490 M²
859 2471 935 2491 tetres
956 2467 977 2490 Ρ
1082 2467 1114 2491 20
1133 2467 1224 2491 catulla
1243 2465 1354 2498 nomine]
1374 2466 1402 2495 P,
1425 2473 1472 2490 om.
1489 2466 1514 2489 M
1617 2466 1647 2490 21
1672 2470 1755 2489 mente
1773 2470 1893 2490 monstra-

270 2510 309 2532 bat
329 2515 352 2533 ct
373 2509 458 2542 opere]
476 2510 533 2533 «ald.
550 2510 636 2537 Luem,
658 2518 704 2533 orn.
723 2510 771 2533 PM
882 2511 1007 2540 placituri]
1027 2510 1054 2532 M
1175 2509 1206 2533 22
1226 2507 1331 2541 copiam]
1352 2509 1386 2539 M,
1408 2510 1449 2540 pie
1469 2509 1490 2532 1>
1610 2508 1641 2532 23
1663 2509 1830 2533 humanitates
1850 2508 1891 2532 Ml

269 2553 300 2574 25
321 2554 417 2581 prouiso
436 2553 534 2583 domine
554 2554 596 2583 qui
616 2553 637 2575 Ρ
749 2554 898 2576 ordinationi
920 2552 947 2575 111
1059 2552 1090 2577 26
1111 2552 1258 2576 laudabilis?
1278 2552 1312 2575 Ρί
1430 2550 1574 2584 memorato]
1594 2558 1642 2575 om.
1660 2551 1687 2574 M
1799 2549 1892 2583 lapide]

272 2595 298 2618 1’.
321 2596 426 2619 miliario
447 2595 473 2618 M
589 2596 618 2618 2?
639 2601 706 2619 arata
727 2595 751 2618 M
866 2600 1056 2626 praeparauerat
1080 2595 1105 2618 Δ’11
1219 2594 1251 2619 23
1272 2596 1366 2618 ratione
1388 2594 1427 2617 1111
1543 2602 1612 2618 suam
1633 2595 1654 2617 P
1769 2594 1800 2617 29
1820 2595 1892 2617 uber-

270 2637 338 2669 tatis]
360 2637 410 2663 .11’·’,
433 2640 530 2662 ubertas
552 2638 613 2660 1’.111
720 2639 904 2668 centuplicatus
924 2638 950 2661 111
1055 2637 1093 2670 et]
1112 2645 1160 2662 om.
1177 2637 1203 2660 M
1307 2638 1336 2660 nd
1354 2638 1495 2668 adquireret
1516 2638 1538 2660 P
1659 2637 1691 2660 30
1710 2635 1780 2669 totis]
1798 2637 1890 2666 scripsi,

270 2682 344 2702 totiu-
369 2681 444 2705 l'M'.
466 2682 539 2704 toties
561 2680 601 2703 M'l
723 2681 751 2704 :41
776 2686 869 2704 matr-s
893 2682 998 2704 familias
1020 2681 1045 2703 111
1173 2680 1203 2704 32
1225 2680 1287 2703 uidit
1307 2681 1420 2710 tepuisse
1440 2678 1574 2712 feruorem]
1595 2679 1627 2705 M.
1650 2683 1749 2710 tempus
1771 2681 1893 2708 (exactum

269 2723 324 2746 111111.
345 2722 378 2745 Ι’“·“
410 2731 435 2746 se
456 2731 582 2746 seniorum
615 2732 639 2747 se
659 2731 788 2747 seruorum
807 2732 861 2754 esp.
879 2723 914 2747 1¹2
947 2724 965 2747 1¹
1104 2724 1135 2747 33
1157 2723 1291 2747 rnannsole:
1317 2722 1355 2745 1111
1506 2723 1537 2745 35
1557 2721 1671 2755 sumptu]
1692 2722 1724 2752 Μ,
1746 2722 1853 2752 desuper
1873 2719 1894 2743 P

270 2766 301 2786 :ui
322 2765 415 2797 rin-tro}
434 2774 480 2788 mn.
500 2766 524 2788 ,11
630 2767 769 2796 frequentia
793 2767 816 2788 ,11

1922 701 1949 719 10

1922 956 1949 974 15

1918 1212 1947 1232 20

1916 1468 1946 1488 25

1916 1725 1945 1744 :10
