2038 3036
706 103 798 130 VITA
818 103 951 131 SANCTI
972 104 1109 131 ALBINI.
1677 110 1715 138 29

99 198 132 228 in
163 197 221 228 hoc
250 206 345 237 opere
374 196 414 227 ad
443 207 535 227 aures
559 197 667 237 populi
691 197 795 228 minus
819 198 939 237 aliquid
963 198 1174 239 intellegibile
1197 199 1386 239 proferatur.
1440 202 1478 239 (9)
1507 200 1627 231 Idcirco
1651 204 1716 233 tota

100 247 318 279 mediocritate
343 250 508 278 contentus
531 247 590 278 etsi
614 248 730 279 relator
753 249 878 289 ineptus
902 254 1006 281 tamen
1033 251 1146 281 beatae
1170 250 1255 281 vitae
1279 251 1369 291 cupio
1394 254 1485 291 gesta
1507 251 1645 283 breviter
1668 253 1716 283 in-

99 299 227 330 timare:
263 301 408 340 superest
438 301 471 329 ut
501 298 555 338 qui
586 299 672 329 novit
703 310 751 330 me
782 300 931 331 oboedire
963 301 1066 341 magis
1100 312 1194 342 quam
1225 312 1428 342 praesumere
1460 303 1528 344 ipse
1552 303 1715 335 fluctuanti

99 350 237 391 paginae
268 353 393 390 portum
420 359 497 381 suae
522 349 674 381 dexterae
699 351 932 391 subministret,
967 352 1019 392 qui
1044 352 1121 383 vivit
1144 356 1175 384 et
1198 357 1311 394 regnat
1335 354 1413 385 deus
1437 364 1493 395 per
1516 355 1621 386 omnia
1644 366 1715 387 sae—

68 417 79 429 ›
100 401 173 432 cula
197 401 405 432 saeculorum.
453 401 566 432 Amen.

50 667 77 686 10

49 925 76 945 15

46 1439 75 1459 25

45 1697 74 1717 30

45 1955 73 1974 35

43 2212 73 2232 40

189 453 247 492 (10)
278 452 510 493 Religiosorum
541 452 607 483 vita
639 452 775 483 virorum
807 457 957 493 quantum
983 458 1030 485 est
1053 455 1173 486 meritis
1199 456 1313 487 clarior
1335 460 1456 488 tantum
1480 467 1555 489 voce
1580 459 1717 489 crebrior

98 504 302 545 populorum,
337 504 412 544 quia
436 504 510 535 dum
533 503 599 534 illis
623 504 779 535 universis
804 505 957 536 beneficia
983 506 1101 545 tribuit,
1129 507 1161 537 10
1185 516 1273 537 suam
1298 507 1425 539 laudem
1450 508 1576 549 linguas
1600 511 1717 543 excitat

99 555 311 595 singulorum,
347 555 389 586 ad
419 555 504 595 quod
533 555 811 596 perspicacissime
843 557 1072 597 propalandum
1103 558 1169 589 vita
1199 559 1249 589 vel
1281 562 1372 598 gesta
1401 559 1577 591 beatissimi
1608 562 1716 593 Albini

99 606 297 638 deducantur
320 606 361 637 ad
384 606 535 637 medium.
587 607 632 646 (11
677 606 777 646 Igitur
800 607 935 639 Albinus
959 608 1127 649 episcopus
1152 609 1322 640 Veneticae
1346 610 1483 650 regionis
1507 622 1623 643 oceano
1647 613 1716 643 Bri—

97 658 224 689 1000100
249 657 379 689 confinis
402 657 562 697 indigena,
591 668 653 688 non
673 658 798 697 exiguis
819 659 1004 698 parentibus
1021 660 1182 699 oriundus7
1210 660 1305 691 immo
1322 661 1411 701 digni
1428 663 1578 701 germinis
1596 663 1716 704 dignis-

98 709 179 740 sima
209 709 313 749 proles
346 718 530 749 emergens,
565 709 661 740 decus
689 709 773 748 quod
797 710 931 750 sumpsit
955 720 993 741 ex
1018 721 1135 749 genere
1160 711 1260 742 felicis
1284 712 1368 743 vitae
1392 713 1512 744 meritis
1537 716 1712 755 ampliavit⁷

98 760 170 791 dum
201 760 234 792 in
262 761 317 792 illo
346 764 378 792 et
407 760 492 801 quod
521 760 714 801 glorificaret
737 761 881 792 Christus
913 762 1009 801 elegit
1040 765 1071 793 et
1093 762 1178 801 quod
1201 763 1368 794 universus
1391 768 1558 795 veneretur
1580 766 1716 797 mundus

98 812 226 843 effulsit.
280 813 339 853 (12)
368 811 430 849 Qui
460 812 542 843 inter
572 812 644 853 ipsa
674 812 820 843 novellae
851 812 1025 844 iuventutis
1050 813 1181 844 exordia
1203 817 1289 845 tanto
1312 814 1386 845 fidei
1410 815 1533 847 fervore
1556 817 1712 858 flagravit.

97 867 131 895 ut
165 867 313 904 parentes
345 864 386 895 ad
416 874 547 904 quorum
579 863 774 894 desiderium
809 864 888 895 solet
919 864 1054 895 infantia
1086 864 1272 896 festinanter
1304 876 1465 897 recurrere
1496 877 1550 907 pro
1580 869 1716 901 karitate

97 915 215 947 Christi
246 915 348 955 magis
379 915 438 946 iste
462 915 640 946 voluntarie
663 915 845 955 reliquisset
869 919 899 946 et
923 916 1010 946 velut
1033 916 1140 947 hostes
1164 916 1289 947 animae
1314 918 1456 949 carnales
1481 919 1612 951 affectus
1637 921 1716 951 effu—

98 967 212 1007 gisset,
249 967 381 998 credens
413 967 473 998 sibi
505 966 668 1005 sufficere,
704 966 729 997 si
760 976 883 997 onmem
909 967 1109 998 dilectionem
1133 968 1165 998 in
1190 968 1256 999 solo
1281 969 1410 1000 caelesti
1434 972 1522 1010 patre
1546 971 1712 1011 plantaret.

102 1019 162 1058 (13)
190 1018 263 1049 Mox
286 1018 319 1049 in
335 1018 569 1049 Tincillaceuse
592 1018 783 1049 monasterio
807 1021 895 1049 tanta
919 1018 1017 1049 animi
1040 1019 1219 1050 humilitate
1244 1019 1371 1051 domino
1396 1021 1569 1061 placiturus
1590 1032 1624 1053 se
1642 1024 1716 1055 sub-

97 1069 192 1110 didit,
226 1073 260 1101 ut
289 1070 380 1100 salva
411 1080 530 1101 morum
560 1070 725 1101 honestate
756 1069 834 1100 nihil
864 1070 924 1101 sibi
949 1070 988 1101 de
1012 1070 1219 1110 ingenuitatis
1244 1071 1411 1111 privilegio
1435 1072 1627 1112 vindicaret,
1664 1075 1715 1105 ubi

95 1131 190 1161 quem
220 1121 307 1161 origo
336 1121 470 1152 liberum
501 1121 611 1161 genuit
642 1121 795 1152 famulum
821 1122 966 1152 voluntas
991 1122 1131 1161 addixit7
1167 1122 1358 1162 intellegens
1382 1124 1484 1164 magis
1509 1134 1579 1156 esse
1605 1126 1717 1157 lauda—

97 1172 177 1212 bile,
212 1176 245 1204 ut
268 1182 374 1203 amore
399 1172 515 1204 Christi
540 1172 690 1204 nobilitas
714 1172 882 1204 inclinaret
904 1173 988 1213 quod
1013 1177 1081 1204 erat
1104 1184 1198 1214 quam
1223 1184 1294 1204 cum
1318 1174 1402 1205 fastu
1425 1180 1591 1215 quaereret
1614 1188 1716 1218 appa-

96 1233 164 1255 rere
187 1223 271 1263 quod
295 1234 357 1255 non
381 1227 458 1255 erat.

186 1276 246 1315 (14)
275 1275 465 1307 Proficicbat
488 1275 625 1315 denique
649 1275 681 1306 10
705 1286 741 1307 co
766 1276 1004 1307 exercitationis
1029 1276 1208 1308 cotidianae
1233 1286 1417 1317 processer
1452 1279 1497 1309 ita
1520 1282 1553 1309 ut
1577 1280 1659 1311 ultra
1682 1291 1715 1312 se

96 1337 221 1368 semper
243 1327 421 1358 ascendens
445 1327 565 1358 meritis
589 1337 651 1358 000
675 1327 813 1367 reliquos
837 1328 987 1361 vinceret,
1016 1328 1074 1359 sed
1098 1328 1233 1359 edomito
1258 1338 1385 1369 corpore
1410 1329 1448 1360 de
1473 1340 1506 1361 se
1526 1331 1596 1371 ipso
1613 1332 1716 1372 potius

96 1378 315 1419 triumpharet.
368 1381 428 1419 (15)
458 1379 536 1416 Quis
561 1379 643 1410 enim
669 1379 827 1419 expediet.
857 1389 951 1418 quam
976 1379 1071 1411 fuerit
1088 1380 1119 1410 in
1136 1380 1325 1411 ieiuniorum
1342 1381 1496 1421 parcitate
1513 1383 1712 1424 praecipuusy

94 1430 127 1461 in
150 1430 331 1470 vigiliarum
356 1430 566 1462 delectatione
590 1440 777 1471 propensus.
806 1430 837 1461 in
861 1431 1012 1462 orationis
1036 1431 1225 1462 assiduitate
1246 1432 1430 1471 laudabilis.
1458 1433 1489 1463 in
1505 1434 1716 1467 miserationis

95 1491 189 1522 opere
221 1481 410 1521 singularis7
446 1485 479 1512 ut
508 1485 539 1512 et
568 1482 692 1513 hostem
723 1482 776 1522 qui
805 1482 864 1513 sibi
889 1483 1089 1523 repugnabat
1112 1483 1314 1523 extingueret
1337 1487 1368 1514 et
1391 1484 1474 1515 unde
1499 1495 1533 1516 se
1558 1486 1643 1517 solus
1667 1488 1715 1517 af-

94 1532 219 1573 fligeret
248 1533 368 1564 eunctis
400 1542 473 1574 spes
504 1533 644 1564 maxima
669 1533 869 1564 subveniret?
920 1535 979 1573 (16)
1008 1535 1084 1565 Erat
1108 1534 1190 1565 enim
1214 1534 1256 1565 ad
1280 1535 1513 1567 oboediendum
1538 1542 1710 1578 111-0111111113,

95 1584 135 1615 ad
166 1584 243 1615 vitia
272 1584 427 1616 calcanda
457 1588 616 1623 maturus,
649 1585 694 1616 ita
717 1588 751 1616 ut
774 1585 806 1616 in
828 1585 897 1626 ipso
921 1585 1054 1617 iuvenili
1077 1586 1232 1626 tyrocinio
1255 1586 1318 1617 iam
1343 1587 1474 1619 senibus
1498 1592 1583 1619 esset
1607 1599 1715 1620 exem-

94 1636 199 1677 plum⁷
227 1635 285 1667 hoc
309 1636 408 1667 solum
434 1635 556 1667 habens
580 1646 650 1667 cum
674 1636 801 1667 homine
826 1646 991 1668 commune
1016 1638 1100 1677 quod
1123 1641 1217 1669 natus
1241 1641 1303 1675 est,
1332 1641 1470 1669 ceterum
1495 1642 1592 1670 totum
1617 1641 1716 1673 voluit

94 1696 166 1718 esse
183 1687 301 1719 Christi
325 1688 409 1728 quod
432 1687 521 1719 vixit.
577 1689 636 1728 (17)
663 1688 735 1719 Non
759 1689 885 1719 oculum
910 1689 1074 1729 voluptati⁷
1103 1699 1165 1720 000
1189 1699 1298 1720 aurem
1314 1689 1471 1729 ludibriis7
1498 1700 1560 1722 non
1576 1691 1713 1723 animum

94 1738 336 1770 accommodans
361 1739 500 1779 levitati,
528 1739 584 1771 sed
609 1750 734 1781 semper
757 1750 790 1771 se
817 1750 931 1780 regens
956 1741 1095 1772 anchora
1118 1741 1295 1781 gravitatis,
1322 1742 1419 1773 talem
1444 1752 1477 1773 se
1501 1742 1583 1774 intra
1606 1754 1715 1775 mona-

95 1790 181 1822 sterii
211 1794 323 1831 saepta
353 1791 516 1831 tractavit7
551 1795 585 1822 ut
615 1792 666 1823 vel
697 1792 723 1822 si
754 1791 880 1831 quando
912 1792 1065 1833 processit
1095 1792 1136 1823 ad
1161 1793 1320 1833 publicum
1345 1797 1430 1825 esset
1452 1794 1534 1824 infra
1558 1804 1714 1826 carcerem

95 1841 144 1872 sui
168 1841 272 1873 cordis
297 1852 423 1882 semper
445 1842 598 1882 inclusus7
626 1852 684 1874 nee
707 1842 796 1874 aliud
820 1846 910 1874 extra
933 1852 967 1875 se
992 1843 1226 1884 respiciendum
1250 1844 1402 1884 praetulit
1426 1855 1520 1884 quam
1541 1845 1711 1887 Christum7

94 1903 187 1934 quem
210 1893 244 1924 in
268 1897 396 1934 pectore
421 1893 525 1925 fidelis
549 1894 679 1935 portitor
703 1894 868 1925 baiulavit.

182 1945 244 1985 (18)
272 1945 329 1976 His
352 1945 450 1985 igitur
473 1945 588 1976 studiis
612 1949 783 1986 occupatus
807 1946 839 1976 in
862 1949 981 1977 tantam
1005 1946 1089 1977 vitae
1114 1946 1290 1978 claritatem
1313 1947 1473 1988 pervenit,
1506 1951 1540 1979 ut
1563 1948 1632 1979 eius
1657 1949 1712 1981 de-

93 1999 198 2028 votum
223 1996 385 2028 servitium
410 1997 526 2028 mundo
551 1997 696 2028 dominus
720 2008 776 2038 per
799 1998 953 2028 miracula
976 2001 1156 2029 testaretur.
1205 1998 1351 2038 Denique
1375 2008 1445 2029 cum
1470 1999 1575 2031 adbuc
1598 2011 1715 2041 pueru-

93 2048 143 2079 lus
166 2058 223 2089 per
245 2058 363 2089 pagum
386 2048 419 2079 in
443 2048 569 2079 abbatis
594 2048 642 2079 sui
665 2048 918 2090 proficisceretur
942 2049 1147 2088 obsequium,
1179 2050 1361 2090 applicante
1386 2060 1423 2081 00
1447 2051 1532 2091 apud
1556 2052 1713 2091 quendam

92 2103 181 2131 tanta
211 2099 354 2131 detonuit
384 2100 537 2131 violentia
563 2104 736 2141 tempestas
759 2104 930 2140 tantusque
955 2110 989 2132 se
1013 2101 1164 2142 pluvialis
1187 2101 1288 2132 imber
1312 2101 1440 2141 effudit,
1476 2106 1510 2133 ut
1531 2102 1633 2143 ipsam
1658 2103 1715 2134 (10-

93 2161 178 2182 mum
207 2161 264 2182 nec
296 2161 354 2182 sua
383 2154 466 2182 tecta
494 2151 713 2183 defenderent.
768 2153 828 2192 (19)
857 2152 935 2183 Cum
960 2162 1035 2192 ergo
1060 2162 1137 2193 prae
1162 2152 1384 2192 magnitudine
1406 2153 1535 2193 pluviae
1559 2164 1634 2185 casa
1658 2165 1713 2195 pro

93 2212 204 2243 campo
235 2206 407 2241 constaret,
443 2203 631 2234 madefactis
662 2203 807 2235 omnibus
839 2204 891 2243 qui
923 2203 1034 2235 eodem
1058 2204 1247 2235 tenebantur
1270 2203 1423 2244 hospitio,
1461 2205 1561 2235 solum
1586 2205 1713 2236 beatum

93 2254 243 2285 Albinum
273 2258 348 2286 tunc
377 2254 478 2286 imber
508 2258 639 2295 tangere
669 2255 816 2295 expavit,
851 2255 925 2294 quia
948 2255 1002 2286 ubi
1026 2254 1185 2286 flammam
1209 2254 1285 2286 fidei
1308 2255 1408 2286 sensit
1431 2266 1470 2287 ne
1493 2255 1639 2287 iniuriam
1664 2257 1714 2287 fa-

94 2309 179 2337 ceret
207 2315 241 2337 se
271 2309 361 2346 gutta
390 2305 531 2337 detorsit.
586 2307 646 2346 (20)
675 2305 743 2343 Quo
776 2310 940 2347 conperto7
977 2306 1189 2338 conscientiae
1214 2306 1365 2337 sanctitas
1389 2317 1472 2347 quae
1495 2307 1658 2339 celabatur
1681 2308 1712 2338 in

93 2357 185 2388 annis
208 2357 344 2388 innotuit
366 2357 498 2397 meritis⁷
526 2368 562 2389 eo
587 2358 671 2397 quod
694 2358 727 2389 111
750 2357 825 2389 flore
849 2358 1086 2390 adolescentiae
1111 2358 1235 2389 virtutis
1259 2357 1354 2389 odore
1378 2358 1542 2398 fraglaret.

1742 460 1766 490 V

1740 1281 1781 1311 VI

1738 1948 1795 1979 VII

183 2410 242 2450 (21)
271 2409 394 2440 Dehinc
424 2409 616 2440 caelestibus
646 2409 736 2441 donis
768 2420 839 2441 cum
863 2412 967 2441 aetate
992 2409 1223 2448 crescentibus7
1260 2419 1412 2440 annorum
1437 2409 1559 2441 circiter
1582 2409 1711 2450 triginta
1734 2410 1809 2441 VIII

181 2572 190 2595 1
213 2571 295 2604 opere]
314 2573 513 2603 praecauendum
533 2576 571 2596 est
589 2573 648 2596 add.
671 2574 760 2596 Sarius
885 2573 898 2596 3
918 2580 957 2596 1110
976 2586 1009 2590 -—
1028 2571 1199 2605 praesumere]
1218 2573 1310 2595 mederi
1329 2573 1405 2601 magis
1426 2572 1514 2595 Surius
1636 2573 1650 2596 4
1669 2574 1712 2603 qui

91 2629 125 2632 —
145 2615 158 2638 5
178 2614 265 2648 ΑΜΒΝ]
284 2623 330 2639 om.
353 2616 450 2646 Sarius,
472 2623 595 2640 EXPLxclT
614 2623 754 2640 PROLOGVS.
777 2623 876 2639 1N01P1T
895 2623 957 2639 νῑΤΑ
976 2616 1034 2639 add.
1058 2616 1079 2638 E
1234 2616 1247 2638 6
1268 2614 1376 2647 tantum]
1397 2616 1423 2644 Ε,
1446 2616 1480 2644 cf.
1502 2623 1575 2639 carm.
1599 2617 1628 2645 X,
1651 2617 1675 2645 2²,
1696 2618 1711 2638 6

95 2658 124 2682 12
144 2657 289 2690 ueneretur]
310 2659 466 2683 1:16
486 2660 673 2683 delectationem
694 2660 783 2683 Sarius
891 2659 918 2683 17
940 2660 1106 2682 tincillncensi
1127 2660 1154 2688 E,
1176 2659 1342 2682 cincillarerisi
1363 2659 1457 2687 Sarius,
1480 2660 1535 2682 item
1550 2660 1618 2688 infra
1632 2666 1652 2682 c.
1670 2661 1709 2688 16,

92 2701 126 2730 cs.
147 2709 222 2724 carm.
244 2702 291 2731 XI,
312 2703 351 2731 2³5,
376 2703 390 2725 7
541 2702 571 2726 28
590 2703 726 2726 iuuenibus
751 2703 770 2724 Y
918 2703 950 2726 305
971 2702 1056 2725 mundi
1078 2702 1098 2724 Ε
1245 2701 1276 2724 42
1297 2702 1447 2724 conscientia
1466 2702 1603 2724 sanctitatis
1624 2701 1712 2724 Sarius

93 2744 124 2768 43
144 2743 269 2776 fragraret]
292 2745 320 2774 E,
340 2744 373 2773 cf.
395 2752 469 2769 carm.
493 2746 527 2774 ΙΙ,
550 2748 572 2773 4,
597 2746 628 2768 23
