<?xml version="1.0" encoding="UTF-8"?>
<!DOCTYPE html PUBLIC "-//W3C//DTD XHTML 1.0 Transitional//EN"
    "http://www.w3.org/TR/xhtml1/DTD/xhtml1-transitional.dtd">
<html xmlns="http://www.w3.org/1999/xhtml" xml:lang="en" lang="en">
 <head>
  <title>
</title>
<meta http-equiv="Content-Type" content="text/html;charset=utf-8" />
  <meta name='ocr-system' content='tesseract 3.04.00' />
  <meta name='ocr-capabilities' content='ocr_page ocr_carea ocr_par ocr_line ocrx_word'/>
</head>
<body>
  <div class='ocr_page' id='page_1' title='image "./monumentagermani04geseuoft/monumentagermani04geseuoft_0490.png"; bbox 0 0 2038 3036; ppageno 0'>
   <div class='ocr_carea' id='block_1_1' title="bbox 303 125 1222 159">
    <p class='ocr_par' dir='ltr' id='par_1_1' title="bbox 303 125 1222 159">
     <span class='ocr_line' id='line_1_1' title="bbox 303 125 1222 159; baseline -0.009 0"><span class='ocrx_word' id='word_1_1' title='bbox 303 128 407 159; x_wconf 80' lang='lat' dir='ltr'>xxlv</span> <span class='ocrx_word' id='word_1_2' title='bbox 996 125 1222 152; x_wconf 62' lang='lat' dir='ltr'>mummium.</span> 
     </span>
    </p>
   </div>
   <div class='ocr_carea' id='block_1_2' title="bbox 298 236 1926 1616">
    <p class='ocr_par' dir='ltr' id='par_1_2' title="bbox 505 236 1920 370">
     <span class='ocr_line' id='line_1_2' title="bbox 505 236 1920 279; baseline 0 -10"><span class='ocrx_word' id='word_1_3' title='bbox 505 238 669 269; x_wconf 75' lang='lat' dir='ltr'>clausula:</span> <span class='ocrx_word' id='word_1_4' title='bbox 705 239 943 276; x_wconf 70' lang='lat' dir='ltr'>li.1·pln·1‘!··---·</span> <span class='ocrx_word' id='word_1_5' title='bbox 974 246 1045 267; x_wconf 78' lang='lat' dir='ltr'>rasa</span> <span class='ocrx_word' id='word_1_6' title='bbox 1071 236 1196 268; x_wconf 79' lang='lat' dir='ltr'>videtur</span> <span class='ocrx_word' id='word_1_7' title='bbox 1220 246 1302 268; x_wconf 85' lang='lat' dir='ltr'>esse.</span> <span class='ocrx_word' id='word_1_8' title='bbox 1351 237 1463 269; x_wconf 78' lang='lat' dir='ltr'><strong>Insunt</strong></span> <span class='ocrx_word' id='word_1_9' title='bbox 1486 243 1651 279; x_wconf 83' lang='lat' dir='ltr'>praeterea</span> <span class='ocrx_word' id='word_1_10' title='bbox 1674 239 1765 271; x_wconf 83' lang='lat' dir='ltr'><strong>Vitae</strong></span> <span class='ocrx_word' id='word_1_11' title='bbox 1789 238 1845 270; x_wconf 81' lang='lat' dir='ltr'>fol.</span> <span class='ocrx_word' id='word_1_12' title='bbox 1872 236 1920 270; x_wconf 76' lang='lat'>2:›&#39;</span> 
     </span>
     <span class='ocr_line' id='line_1_3' title="bbox 505 287 1918 329; baseline 0.001 -9"><span class='ocrx_word' id='word_1_13' title='bbox 505 289 656 320; x_wconf 79' lang='lat' dir='ltr'>Medardi.</span> <span class='ocrx_word' id='word_1_14' title='bbox 694 288 747 319; x_wconf 79' lang='lat' dir='ltr'>fol.</span> <span class='ocrx_word' id='word_1_15' title='bbox 771 287 819 318; x_wconf 59' lang='lat'>23¹</span> <span class='ocrx_word' id='word_1_16' title='bbox 847 287 978 319; x_wconf 77' lang='lat' dir='ltr'>Vedasti</span> <span class='ocrx_word' id='word_1_17' title='bbox 1002 287 1235 328; x_wconf 78' lang='lat' dir='ltr'>antiquissima,</span> <span class='ocrx_word' id='word_1_18' title='bbox 1263 288 1318 320; x_wconf 81' lang='lat' dir='ltr'>sol.</span> <span class='ocrx_word' id='word_1_19' title='bbox 1343 290 1383 320; x_wconf 69' lang='lat'>49</span> <span class='ocrx_word' id='word_1_20' title='bbox 1406 289 1554 329; x_wconf 70' lang='lat' dir='ltr'>Servatii,</span> <span class='ocrx_word' id='word_1_21' title='bbox 1581 289 1636 321; x_wconf 81' lang='lat' dir='ltr'>fol.</span> <span class='ocrx_word' id='word_1_22' title='bbox 1661 293 1700 321; x_wconf 73' lang='grc' dir='ltr'>ὑί)</span> <span class='ocrx_word' id='word_1_23' title='bbox 1726 290 1918 322; x_wconf 82' lang='lat' dir='ltr'>Laudiberti.</span> 
     </span>
     <span class='ocr_line' id='line_1_4' title="bbox 506 339 837 370; baseline 0 0"><span class='ocrx_word' id='word_1_24' title='bbox 506 359 545 363; x_wconf 73' lang='lat'>—</span> <span class='ocrx_word' id='word_1_25' title='bbox 570 339 673 370; x_wconf 79' lang='lat' dir='ltr'>Waitz</span> <span class='ocrx_word' id='word_1_26' title='bbox 696 339 837 370; x_wconf 78' lang='lat' dir='ltr'>contulit.</span> 
     </span>
    </p>

    <p class='ocr_par' dir='ltr' id='par_1_3' title="bbox 454 389 1517 430">
     <span class='ocr_line' id='line_1_5' title="bbox 454 389 1517 430; baseline 0 -6"><span class='ocrx_word' id='word_1_27' title='bbox 454 392 561 424; x_wconf 77' lang='lat' dir='ltr'>Codex</span> <span class='ocrx_word' id='word_1_28' title='bbox 586 393 619 421; x_wconf 68' lang='lat' dir='ltr'>S.</span> <span class='ocrx_word' id='word_1_29' title='bbox 648 390 782 430; x_wconf 76' lang='lat' dir='ltr'>Benigni</span> <span class='ocrx_word' id='word_1_30' title='bbox 808 389 1021 423; x_wconf 79' lang='lat' dir='ltr'>Divionensis.</span> <span class='ocrx_word' id='word_1_31' title='bbox 1049 400 1110 430; x_wconf 88' lang='lat' dir='ltr'>quo</span> <span class='ocrx_word' id='word_1_32' title='bbox 1135 390 1336 423; x_wconf 87' lang='lat' dir='ltr'>Bollandiani</span> <span class='ocrx_word' id='word_1_33' title='bbox 1361 391 1410 424; x_wconf 82' lang='lat' dir='ltr'>usi</span> <span class='ocrx_word' id='word_1_34' title='bbox 1434 396 1517 424; x_wconf 88' lang='lat' dir='ltr'>sunt.</span> 
     </span>
    </p>

    <p class='ocr_par' dir='ltr' id='par_1_4' title="bbox 457 440 1211 475">
     <span class='ocr_line' id='line_1_6' title="bbox 457 440 1211 475; baseline -0.003 0"><span class='ocrx_word' id='word_1_35' title='bbox 457 443 563 475; x_wconf 82' lang='lat' dir='ltr'>Codex</span> <span class='ocrx_word' id='word_1_36' title='bbox 589 441 812 473; x_wconf 75' lang='lat' dir='ltr'>Chit&#39;ssetianus</span> <span class='ocrx_word' id='word_1_37' title='bbox 835 442 875 472; x_wconf 88' lang='lat' dir='ltr'>ab</span> <span class='ocrx_word' id='word_1_38' title='bbox 898 441 1012 473; x_wconf 86' lang='lat' dir='ltr'>iisdem</span> <span class='ocrx_word' id='word_1_39' title='bbox 1037 440 1211 473; x_wconf 83' lang='lat' dir='ltr'>adhibitus.</span> 
     </span>
    </p>

    <p class='ocr_par' dir='ltr' id='par_1_5' title="bbox 454 492 1924 884">
     <span class='ocr_line' id='line_1_7' title="bbox 454 492 1924 534; baseline 0.001 -9"><span class='ocrx_word' id='word_1_40' title='bbox 454 493 561 525; x_wconf 78' lang='lat' dir='ltr'>Codex</span> <span class='ocrx_word' id='word_1_41' title='bbox 586 492 775 524; x_wconf 80' lang='lat' dir='ltr'>l&#39;arisiensis</span> <span class='ocrx_word' id='word_1_42' title='bbox 801 492 932 524; x_wconf 84' lang='lat' dir='ltr'>Latinus</span> <span class='ocrx_word' id='word_1_43' title='bbox 956 503 1002 524; x_wconf 89' lang='lat' dir='ltr'>nr.</span> <span class='ocrx_word' id='word_1_44' title='bbox 1026 494 1120 533; x_wconf 68' lang='lat'><strong>5596,</strong></span> <span class='ocrx_word' id='word_1_45' title='bbox 1148 493 1222 525; x_wconf 89' lang='lat' dir='ltr'>olim</span> <span class='ocrx_word' id='word_1_46' title='bbox 1247 493 1450 526; x_wconf 79' lang='lat' dir='ltr'>colbertinus</span> <span class='ocrx_word' id='word_1_47' title='bbox 1472 505 1520 526; x_wconf 84' lang='lat' dir='ltr'>nr.</span> <span class='ocrx_word' id='word_1_48' title='bbox 1540 497 1634 534; x_wconf 66' lang='lat'>5432,</span> <span class='ocrx_word' id='word_1_49' title='bbox 1662 496 1924 527; x_wconf 83' lang='lat' dir='ltr'>membranaceus</span> 
     </span>
     <span class='ocr_line' id='line_1_8' title="bbox 506 543 1922 586; baseline 0.002 -11"><span class='ocrx_word' id='word_1_50' title='bbox 506 545 624 576; x_wconf 80' lang='lat' dir='ltr'>formae</span> <span class='ocrx_word' id='word_1_51' title='bbox 648 548 792 578; x_wconf 76' lang='lat' dir='ltr'>octavae.</span> <span class='ocrx_word' id='word_1_52' title='bbox 821 554 904 576; x_wconf 83' lang='lat' dir='ltr'>saec.</span> <span class='ocrx_word' id='word_1_53' title='bbox 926 544 971 575; x_wconf 86' lang='lat' dir='ltr'>lx</span> <span class='ocrx_word' id='word_1_54' title='bbox 995 543 1131 585; x_wconf 86' lang='lat' dir='ltr'>scriptus</span> <span class='ocrx_word' id='word_1_55' title='bbox 1155 544 1209 576; x_wconf 87' lang='lat' dir='ltr'>fol.</span> <span class='ocrx_word' id='word_1_56' title='bbox 1234 543 1328 576; x_wconf 80' lang='lat'>1¹-7</span> <span class='ocrx_word' id='word_1_57' title='bbox 1354 546 1458 577; x_wconf 85' lang='lat' dir='ltr'>Vitam</span> <span class='ocrx_word' id='word_1_58' title='bbox 1484 546 1628 578; x_wconf 85' lang='lat' dir='ltr'>Remcdii</span> <span class='ocrx_word' id='word_1_59' title='bbox 1652 546 1801 585; x_wconf 80' lang='lat' dir='ltr'>continet,</span> <span class='ocrx_word' id='word_1_60' title='bbox 1828 557 1922 586; x_wconf 84' lang='lat' dir='ltr'>quam</span> 
     </span>
     <span class='ocr_line' id='line_1_9' title="bbox 504 595 1922 639; baseline 0.002 -12"><span class='ocrx_word' id='word_1_61' title='bbox 504 596 650 627; x_wconf 74' lang='lat' dir='ltr'>librarius</span> <span class='ocrx_word' id='word_1_62' title='bbox 681 595 833 636; x_wconf 73' lang='lat' dir='ltr'>posterior</span> <span class='ocrx_word' id='word_1_63' title='bbox 862 595 904 627; x_wconf 88' lang='lat' dir='ltr'>ad</span> <span class='ocrx_word' id='word_1_64' title='bbox 927 595 1015 627; x_wconf 87' lang='lat' dir='ltr'>aliud</span> <span class='ocrx_word' id='word_1_65' title='bbox 1040 596 1204 637; x_wconf 86' lang='lat' dir='ltr'>exemplar</span> <span class='ocrx_word' id='word_1_66' title='bbox 1232 597 1290 636; x_wconf 51' lang='lat' dir='ltr'>[C&#39;J‘.</span> <span class='ocrx_word' id='word_1_67' title='bbox 1319 597 1511 629; x_wconf 82' lang='lat' dir='ltr'><strong>emendavit.</strong></span> <span class='ocrx_word' id='word_1_68' title='bbox 1559 597 1627 629; x_wconf 84' lang='lat' dir='ltr'>Fol.</span> <span class='ocrx_word' id='word_1_69' title='bbox 1656 599 1672 628; x_wconf 91' lang='lat'>7</span> <span class='ocrx_word' id='word_1_70' title='bbox 1698 598 1812 639; x_wconf 82' lang='lat' dir='ltr'>partim</span> <span class='ocrx_word' id='word_1_71' title='bbox 1835 598 1922 630; x_wconf 87' lang='lat' dir='ltr'>lace—</span> 
     </span>
     <span class='ocr_line' id='line_1_10' title="bbox 504 646 1923 691; baseline 0.002 -13"><span class='ocrx_word' id='word_1_72' title='bbox 504 651 603 679; x_wconf 83' lang='lat' dir='ltr'>ratum</span> <span class='ocrx_word' id='word_1_73' title='bbox 629 647 709 678; x_wconf 87' lang='lat' dir='ltr'>liber</span> <span class='ocrx_word' id='word_1_74' title='bbox 732 646 890 678; x_wconf 80' lang='lat' dir='ltr'>Historiae</span> <span class='ocrx_word' id='word_1_75' title='bbox 916 647 1107 679; x_wconf 81' lang='lat' dir='ltr'>Francorum</span> <span class='ocrx_word' id='word_1_76' title='bbox 1132 648 1275 688; x_wconf 85' lang='lat' dir='ltr'>sequitur</span> <span class='ocrx_word' id='word_1_77' title='bbox 1303 652 1352 688; x_wconf 68' lang='lat'>(=</span> <span class='ocrx_word' id='word_1_78' title='bbox 1376 647 1429 686; x_wconf 72' lang='lat'>1¹¹).</span> <span class='ocrx_word' id='word_1_79' title='bbox 1466 648 1719 690; x_wconf 83' lang='lat' dir='ltr'>Orthographica</span> <span class='ocrx_word' id='word_1_80' title='bbox 1741 659 1823 689; x_wconf 88' lang='lat' dir='ltr'>quae</span> <span class='ocrx_word' id='word_1_81' title='bbox 1846 658 1923 691; x_wconf 87' lang='lat' dir='ltr'>sup-</span> 
     </span>
     <span class='ocr_line' id='line_1_11' title="bbox 504 698 1918 742; baseline 0.002 -13"><span class='ocrx_word' id='word_1_82' title='bbox 504 698 602 740; x_wconf 78' lang='lat' dir='ltr'>pressi</span> <span class='ocrx_word' id='word_1_83' title='bbox 627 702 699 730; x_wconf 87' lang='lat' dir='ltr'>sunt</span> <span class='ocrx_word' id='word_1_84' title='bbox 723 698 816 730; x_wconf 83' lang='lat' dir='ltr'>haec:</span> <span class='ocrx_word' id='word_1_85' title='bbox 848 700 981 736; x_wconf 67' lang='lat' dir='ltr'>vaesani,</span> <span class='ocrx_word' id='word_1_86' title='bbox 1005 700 1215 738; x_wconf 76' lang='lat' dir='ltr'>filicissimum,</span> <span class='ocrx_word' id='word_1_87' title='bbox 1243 700 1404 740; x_wconf 68' lang='lat' dir='ltr'>‹le‹·eperel,</span> <span class='ocrx_word' id='word_1_88' title='bbox 1435 705 1586 738; x_wconf 72' lang='lat' dir='ltr'>vertulem,</span> <span class='ocrx_word' id='word_1_89' title='bbox 1617 702 1752 731; x_wconf 71' lang='lat' dir='ltr'>voli-elur</span> <span class='ocrx_word' id='word_1_90' title='bbox 1778 701 1918 742; x_wconf 52' lang='lat' dir='ltr'>(praes),</span> 
     </span>
     <span class='ocr_line' id='line_1_12' title="bbox 505 752 1919 792; baseline 0.002 -12"><span class='ocrx_word' id='word_1_91' title='bbox 505 752 665 788; x_wconf 68' lang='lat' dir='ltr'>volut-itote,</span> <span class='ocrx_word' id='word_1_92' title='bbox 693 755 847 790; x_wconf 76' lang='lat' dir='ltr'>‹·erlulym,</span> <span class='ocrx_word' id='word_1_93' title='bbox 877 752 951 781; x_wconf 69' lang='lat' dir='ltr'>vieto</span> <span class='ocrx_word' id='word_1_94' title='bbox 975 760 1029 791; x_wconf 84' lang='lat' dir='ltr'>pro</span> <span class='ocrx_word' id='word_1_95' title='bbox 1055 752 1144 789; x_wconf 65' lang='lat' dir='ltr'>victu.</span> <span class='ocrx_word' id='word_1_96' title='bbox 1173 753 1289 792; x_wconf 77' lang='lat' dir='ltr'>iniquos</span> <span class='ocrx_word' id='word_1_97' title='bbox 1320 752 1438 791; x_wconf 51' lang='lat' dir='ltr'>(nonu),</span> <span class='ocrx_word' id='word_1_98' title='bbox 1472 752 1678 786; x_wconf 54' lang='lat' dir='ltr'>‹alhensi-ens,</span> <span class='ocrx_word' id='word_1_99' title='bbox 1704 753 1919 790; x_wconf 79' lang='lat' dir='ltr'>adhuliscenle,</span> 
     </span>
     <span class='ocr_line' id='line_1_13' title="bbox 501 802 1924 844; baseline 0.003 -14"><span class='ocrx_word' id='word_1_100' title='bbox 501 803 698 838; x_wconf 71' lang='lat' dir='ltr'>lwlimosinis,</span> <span class='ocrx_word' id='word_1_101' title='bbox 725 802 777 832; x_wconf 78' lang='lat' dir='ltr'>hos</span> <span class='ocrx_word' id='word_1_102' title='bbox 802 812 858 843; x_wconf 87' lang='lat' dir='ltr'>pro</span> <span class='ocrx_word' id='word_1_103' title='bbox 881 812 927 840; x_wconf 80' lang='lat' dir='ltr'>os,</span> <span class='ocrx_word' id='word_1_104' title='bbox 955 804 1040 840; x_wconf 74' lang='grc' dir='ltr'>υείιέ,</span> <span class='ocrx_word' id='word_1_105' title='bbox 1068 804 1252 842; x_wconf 64' lang='lat' dir='ltr'>evomuerit,</span> <span class='ocrx_word' id='word_1_106' title='bbox 1282 808 1425 843; x_wconf 78' lang='lat' dir='ltr'>rapplus.</span> <span class='ocrx_word' id='word_1_107' title='bbox 1450 804 1545 842; x_wconf 69' lang='lat' dir='ltr'>sice&#39;se,</span> <span class='ocrx_word' id='word_1_108' title='bbox 1571 804 1758 843; x_wconf 68' lang='lat' dir='ltr'>prolisilale,</span> <span class='ocrx_word' id='word_1_109' title='bbox 1784 805 1850 844; x_wconf 82' lang='lat' dir='ltr'>qod.</span> <span class='ocrx_word' id='word_1_110' title='bbox 1882 821 1924 826; x_wconf 94' lang='lat'>—-</span> 
     </span>
     <span class='ocr_line' id='line_1_14' title="bbox 503 853 771 884; baseline 0.004 -1"><span class='ocrx_word' id='word_1_111' title='bbox 503 853 605 884; x_wconf 78' lang='lat' dir='ltr'>Waitz</span> <span class='ocrx_word' id='word_1_112' title='bbox 629 853 771 884; x_wconf 82' lang='lat' dir='ltr'>contulit.</span> 
     </span>
    </p>

    <p class='ocr_par' dir='ltr' id='par_1_6' title="bbox 303 904 1923 1101">
     <span class='ocr_line' id='line_1_15' title="bbox 303 904 1923 948; baseline 0.001 -12"><span class='ocrx_word' id='word_1_113' title='bbox 303 906 326 936; x_wconf 88' lang='lat' dir='ltr'>B</span> <span class='ocrx_word' id='word_1_114' title='bbox 458 904 565 936; x_wconf 84' lang='lat' dir='ltr'>Codex</span> <span class='ocrx_word' id='word_1_115' title='bbox 591 904 809 936; x_wconf 82' lang='lat' dir='ltr'>Bruxellensis</span> <span class='ocrx_word' id='word_1_116' title='bbox 833 915 879 936; x_wconf 90' lang='lat' dir='ltr'>nr.</span> <span class='ocrx_word' id='word_1_117' title='bbox 901 906 993 937; x_wconf 74' lang='lat'>7882.</span> <span class='ocrx_word' id='word_1_118' title='bbox 1022 905 1285 938; x_wconf 83' lang='lat' dir='ltr'>membranaceus</span> <span class='ocrx_word' id='word_1_119' title='bbox 1309 915 1394 938; x_wconf 87' lang='lat' dir='ltr'>sace.</span> <span class='ocrx_word' id='word_1_120' title='bbox 1413 906 1460 937; x_wconf 95' lang='lat' dir='ltr'>XI</span> <span class='ocrx_word' id='word_1_121' title='bbox 1476 905 1520 938; x_wconf 88' lang='lat' dir='ltr'>in.</span> <span class='ocrx_word' id='word_1_122' title='bbox 1547 906 1682 948; x_wconf 79' lang='lat' dir='ltr'>sen&#39;ptus</span> <span class='ocrx_word' id='word_1_123' title='bbox 1706 906 1791 938; x_wconf 87' lang='lat' dir='ltr'>idem</span> <span class='ocrx_word' id='word_1_124' title='bbox 1815 909 1864 938; x_wconf 88' lang='lat' dir='ltr'>est</span> <span class='ocrx_word' id='word_1_125' title='bbox 1886 916 1923 938; x_wconf 86' lang='lat' dir='ltr'>ac</span> 
     </span>
     <span class='ocr_line' id='line_1_16' title="bbox 506 955 1923 999; baseline 0.002 -13"><span class='ocrx_word' id='word_1_126' title='bbox 506 955 787 987; x_wconf 78' lang='lat' dir='ltr'>Bollamlianorum</span> <span class='ocrx_word' id='word_1_127' title='bbox 812 956 912 988; x_wconf 88' lang='lat' dir='ltr'>codex</span> <span class='ocrx_word' id='word_1_128' title='bbox 937 957 971 988; x_wconf 89' lang='lat' dir='ltr'>P.</span> <span class='ocrx_word' id='word_1_129' title='bbox 998 956 1057 989; x_wconf 88' lang='lat' dir='ltr'>Ms.</span> <span class='ocrx_word' id='word_1_130' title='bbox 1085 958 1115 997; x_wconf 80' lang='lat'>9,</span> <span class='ocrx_word' id='word_1_131' title='bbox 1142 968 1236 998; x_wconf 84' lang='lat' dir='ltr'>quem</span> <span class='ocrx_word' id='word_1_132' title='bbox 1265 959 1435 989; x_wconf 74' lang='lat' dir='ltr'>‘nostrum’</span> <span class='ocrx_word' id='word_1_133' title='bbox 1459 958 1634 999; x_wconf 86' lang='lat' dir='ltr'>appellant.</span> <span class='ocrx_word' id='word_1_134' title='bbox 1685 960 1815 998; x_wconf 78' lang='lat' dir='ltr'>Corpore</span> <span class='ocrx_word' id='word_1_135' title='bbox 1839 958 1923 990; x_wconf 91' lang='lat' dir='ltr'>enim</span> 
     </span>
     <span class='ocr_line' id='line_1_17' title="bbox 504 1007 1923 1051; baseline 0.001 -12"><span class='ocrx_word' id='word_1_136' title='bbox 504 1018 558 1048; x_wconf 88' lang='lat' dir='ltr'>pro</span> <span class='ocrx_word' id='word_1_137' title='bbox 581 1008 680 1047; x_wconf 71' lang='lat' dir='ltr'>corde,</span> <span class='ocrx_word' id='word_1_138' title='bbox 707 1007 792 1048; x_wconf 84' lang='lat' dir='ltr'>quod</span> <span class='ocrx_word' id='word_1_139' title='bbox 814 1007 898 1039; x_wconf 86' lang='lat' dir='ltr'>infra</span> <span class='ocrx_word' id='word_1_140' title='bbox 921 1018 954 1049; x_wconf 87' lang='lat' dir='ltr'>p.</span> <span class='ocrx_word' id='word_1_141' title='bbox 982 1010 1032 1040; x_wconf 81' lang='lat'>64.</span> <span class='ocrx_word' id='word_1_142' title='bbox 1054 1014 1086 1038; x_wconf 79' lang='lat'>22</span> <span class='ocrx_word' id='word_1_143' title='bbox 1109 1008 1142 1040; x_wconf 92' lang='lat' dir='ltr'>in</span> <span class='ocrx_word' id='word_1_144' title='bbox 1165 1012 1287 1040; x_wconf 82' lang='lat' dir='ltr'>textum</span> <span class='ocrx_word' id='word_1_145' title='bbox 1311 1013 1506 1051; x_wconf 77' lang='lat' dir='ltr'>receperunt.</span> <span class='ocrx_word' id='word_1_146' title='bbox 1534 1009 1566 1041; x_wconf 93' lang='lat' dir='ltr'>in</span> <span class='ocrx_word' id='word_1_147' title='bbox 1590 1009 1677 1042; x_wconf 91' lang='lat' dir='ltr'>nullo</span> <span class='ocrx_word' id='word_1_148' title='bbox 1701 1009 1782 1041; x_wconf 87' lang='lat' dir='ltr'>libro</span> <span class='ocrx_word' id='word_1_149' title='bbox 1806 1009 1867 1041; x_wconf 84' lang='lat' dir='ltr'>nisi</span> <span class='ocrx_word' id='word_1_150' title='bbox 1891 1009 1923 1041; x_wconf 92' lang='lat' dir='ltr'>in</span> 
     </span>
     <span class='ocr_line' id='line_1_18' title="bbox 502 1059 1219 1101; baseline 0.003 -12"><span class='ocrx_word' id='word_1_151' title='bbox 502 1059 526 1089; x_wconf 88' lang='lat' dir='ltr'>B</span> <span class='ocrx_word' id='word_1_152' title='bbox 550 1059 675 1099; x_wconf 75' lang='lat' dir='ltr'>legitur.</span> <span class='ocrx_word' id='word_1_153' title='bbox 701 1077 744 1081; x_wconf 96' lang='lat'><strong>—</strong></span> <span class='ocrx_word' id='word_1_154' title='bbox 766 1059 869 1090; x_wconf 88' lang='lat' dir='ltr'>Arndt</span> <span class='ocrx_word' id='word_1_155' title='bbox 891 1059 1016 1091; x_wconf 88' lang='lat' dir='ltr'>initium</span> <span class='ocrx_word' id='word_1_156' title='bbox 1041 1060 1219 1101; x_wconf 86' lang='lat' dir='ltr'>exscripsit.</span> 
     </span>
    </p>

    <p class='ocr_par' dir='ltr' id='par_1_7' title="bbox 298 1110 1926 1359">
     <span class='ocr_line' id='line_1_19' title="bbox 298 1110 1923 1153; baseline 0.002 -13"><span class='ocrx_word' id='word_1_157' title='bbox 298 1111 334 1141; x_wconf 91' lang='lat' dir='ltr'>W</span> <span class='ocrx_word' id='word_1_158' title='bbox 454 1110 562 1144; x_wconf 84' lang='lat' dir='ltr'>Codex</span> <span class='ocrx_word' id='word_1_159' title='bbox 578 1110 847 1151; x_wconf 78' lang='lat' dir='ltr'>Wirziburgensis</span> <span class='ocrx_word' id='word_1_160' title='bbox 864 1111 928 1152; x_wconf 87' lang='lat' dir='ltr'>Mp.</span> <span class='ocrx_word' id='word_1_161' title='bbox 948 1111 1009 1142; x_wconf 89' lang='lat' dir='ltr'>Th.</span> <span class='ocrx_word' id='word_1_162' title='bbox 1037 1111 1060 1142; x_wconf 86' lang='lat' dir='ltr'>f.</span> <span class='ocrx_word' id='word_1_163' title='bbox 1080 1113 1131 1151; x_wconf 77' lang='lat'>34,</span> <span class='ocrx_word' id='word_1_164' title='bbox 1158 1112 1421 1144; x_wconf 86' lang='lat' dir='ltr'>membranaceus</span> <span class='ocrx_word' id='word_1_165' title='bbox 1438 1112 1557 1144; x_wconf 88' lang='lat' dir='ltr'>formae</span> <span class='ocrx_word' id='word_1_166' title='bbox 1573 1111 1761 1153; x_wconf 79' lang='lat' dir='ltr'>quadratae,</span> <span class='ocrx_word' id='word_1_167' title='bbox 1788 1121 1874 1144; x_wconf 87' lang='lat' dir='ltr'>saec.</span> <span class='ocrx_word' id='word_1_168' title='bbox 1893 1112 1923 1143; x_wconf 92' lang='lat' dir='ltr'>X</span> 
     </span>
     <span class='ocr_line' id='line_1_20' title="bbox 502 1161 1926 1204; baseline 0.001 -11"><span class='ocrx_word' id='word_1_169' title='bbox 502 1163 533 1193; x_wconf 94' lang='lat' dir='ltr'>in</span> <span class='ocrx_word' id='word_1_170' title='bbox 554 1162 745 1194; x_wconf 88' lang='lat' dir='ltr'>monasterio</span> <span class='ocrx_word' id='word_1_171' title='bbox 763 1162 1064 1204; x_wconf 82' lang='lat' dir='ltr'>Weissenburgensi</span> <span class='ocrx_word' id='word_1_172' title='bbox 1086 1163 1222 1204; x_wconf 87' lang='lat' dir='ltr'>scriptus</span> <span class='ocrx_word' id='word_1_173' title='bbox 1244 1163 1307 1203; x_wconf 86' lang='lat' dir='ltr'>(fol.</span> <span class='ocrx_word' id='word_1_174' title='bbox 1329 1161 1356 1194; x_wconf 80' lang='lat'>2&#39;</span> <span class='ocrx_word' id='word_1_175' title='bbox 1374 1164 1473 1195; x_wconf 86' lang='lat' dir='ltr'>verba</span> <span class='ocrx_word' id='word_1_176' title='bbox 1493 1164 1582 1194; x_wconf 84' lang='lat' dir='ltr'>Liber</span> <span class='ocrx_word' id='word_1_177' title='bbox 1599 1166 1775 1195; x_wconf 70' lang='lat' dir='ltr'>nzotmsterii</span> <span class='ocrx_word' id='word_1_178' title='bbox 1790 1166 1824 1195; x_wconf 86' lang='lat' dir='ltr'>S.</span> <span class='ocrx_word' id='word_1_179' title='bbox 1846 1166 1926 1194; x_wconf 84' lang='lat' dir='ltr'>I&#39;elri</span> 
     </span>
     <span class='ocr_line' id='line_1_21' title="bbox 502 1213 1920 1256; baseline 0.003 -13"><span class='ocrx_word' id='word_1_180' title='bbox 502 1216 530 1244; x_wconf 79' lang='lat' dir='ltr'>in</span> <span class='ocrx_word' id='word_1_181' title='bbox 555 1213 750 1255; x_wconf 68' lang='lat' dir='ltr'>ll&#39;issenbury</span> <span class='ocrx_word' id='word_1_182' title='bbox 766 1213 927 1255; x_wconf 83' lang='lat' dir='ltr'>adscripta</span> <span class='ocrx_word' id='word_1_183' title='bbox 944 1215 1027 1254; x_wconf 74' lang='lat' dir='ltr'>sunt)</span> <span class='ocrx_word' id='word_1_184' title='bbox 1056 1214 1110 1246; x_wconf 90' lang='lat' dir='ltr'>fol.</span> <span class='ocrx_word' id='word_1_185' title='bbox 1132 1213 1274 1246; x_wconf 63' lang='lat'><strong>36—40</strong></span> <span class='ocrx_word' id='word_1_186' title='bbox 1298 1215 1402 1247; x_wconf 86' lang='lat' dir='ltr'>Vitam</span> <span class='ocrx_word' id='word_1_187' title='bbox 1426 1215 1572 1247; x_wconf 87' lang='lat' dir='ltr'>Remedii</span> <span class='ocrx_word' id='word_1_188' title='bbox 1596 1215 1744 1254; x_wconf 70' lang='lat' dir='ltr'>continet,</span> <span class='ocrx_word' id='word_1_189' title='bbox 1770 1225 1866 1256; x_wconf 88' lang='lat' dir='ltr'>quam</span> <span class='ocrx_word' id='word_1_190' title='bbox 1882 1215 1920 1246; x_wconf 89' lang='lat' dir='ltr'>V.</span> 
     </span>
     <span class='ocr_line' id='line_1_22' title="bbox 504 1265 1923 1308; baseline 0.001 -12"><span class='ocrx_word' id='word_1_191' title='bbox 504 1265 619 1297; x_wconf 86' lang='lat' dir='ltr'>Goaris</span> <span class='ocrx_word' id='word_1_192' title='bbox 643 1265 818 1306; x_wconf 81' lang='lat' dir='ltr'>praecedit,</span> <span class='ocrx_word' id='word_1_193' title='bbox 847 1265 977 1297; x_wconf 82' lang='lat' dir='ltr'>Nazarii</span> <span class='ocrx_word' id='word_1_194' title='bbox 1002 1266 1153 1307; x_wconf 86' lang='lat' dir='ltr'>sequitur.</span> <span class='ocrx_word' id='word_1_195' title='bbox 1201 1266 1349 1308; x_wconf 88' lang='lat' dir='ltr'>Capitum</span> <span class='ocrx_word' id='word_1_196' title='bbox 1372 1267 1495 1299; x_wconf 75' lang='lat' dir='ltr'>numeri</span> <span class='ocrx_word' id='word_1_197' title='bbox 1518 1271 1630 1308; x_wconf 88' lang='lat' dir='ltr'>postea</span> <span class='ocrx_word' id='word_1_198' title='bbox 1652 1267 1755 1299; x_wconf 86' lang='lat' dir='ltr'>additi</span> <span class='ocrx_word' id='word_1_199' title='bbox 1779 1270 1862 1298; x_wconf 90' lang='lat' dir='ltr'>sunt.</span> <span class='ocrx_word' id='word_1_200' title='bbox 1882 1285 1923 1290; x_wconf 91' lang='lat'>—</span> 
     </span>
     <span class='ocr_line' id='line_1_23' title="bbox 505 1316 1515 1359; baseline 0.003 -12"><span class='ocrx_word' id='word_1_201' title='bbox 505 1317 633 1348; x_wconf 89' lang='lat' dir='ltr'>Librum</span> <span class='ocrx_word' id='word_1_202' title='bbox 658 1316 843 1349; x_wconf 88' lang='lat' dir='ltr'>Berolinum</span> <span class='ocrx_word' id='word_1_203' title='bbox 867 1317 1022 1349; x_wconf 87' lang='lat' dir='ltr'>benevole</span> <span class='ocrx_word' id='word_1_204' title='bbox 1045 1317 1266 1350; x_wconf 85' lang='lat' dir='ltr'>transmissum</span> <span class='ocrx_word' id='word_1_205' title='bbox 1290 1318 1360 1359; x_wconf 88' lang='lat' dir='ltr'>ipse</span> <span class='ocrx_word' id='word_1_206' title='bbox 1384 1319 1515 1350; x_wconf 85' lang='lat' dir='ltr'>contuli.</span> 
     </span>
    </p>

    <p class='ocr_par' dir='ltr' id='par_1_8' title="bbox 299 1368 1924 1616">
     <span class='ocr_line' id='line_1_24' title="bbox 299 1368 1922 1411; baseline 0.001 -13"><span class='ocrx_word' id='word_1_207' title='bbox 299 1369 325 1398; x_wconf 87' lang='lat' dir='ltr'>X</span> <span class='ocrx_word' id='word_1_208' title='bbox 454 1368 562 1400; x_wconf 88' lang='lat' dir='ltr'>Codex</span> <span class='ocrx_word' id='word_1_209' title='bbox 586 1368 806 1400; x_wconf 85' lang='lat' dir='ltr'>Bruxellensis</span> <span class='ocrx_word' id='word_1_210' title='bbox 829 1379 876 1400; x_wconf 91' lang='lat' dir='ltr'>nr.</span> <span class='ocrx_word' id='word_1_211' title='bbox 904 1370 1127 1408; x_wconf 81' lang='lat'><strong>9636—9637,</strong></span> <span class='ocrx_word' id='word_1_212' title='bbox 1159 1379 1244 1401; x_wconf 85' lang='lat' dir='ltr'>saec.</span> <span class='ocrx_word' id='word_1_213' title='bbox 1271 1370 1319 1401; x_wconf 92' lang='lat' dir='ltr'>XI</span> <span class='ocrx_word' id='word_1_214' title='bbox 1343 1370 1478 1411; x_wconf 87' lang='lat' dir='ltr'>scriptus</span> <span class='ocrx_word' id='word_1_215' title='bbox 1502 1369 1556 1402; x_wconf 88' lang='lat' dir='ltr'>fol.</span> <span class='ocrx_word' id='word_1_216' title='bbox 1584 1373 1623 1401; x_wconf 78' lang='lat'>54</span> <span class='ocrx_word' id='word_1_217' title='bbox 1648 1369 1753 1401; x_wconf 87' lang='lat' dir='ltr'>Vitam</span> <span class='ocrx_word' id='word_1_218' title='bbox 1778 1369 1922 1401; x_wconf 88' lang='lat' dir='ltr'>Remedii</span> 
     </span>
     <span class='ocr_line' id='line_1_25' title="bbox 502 1420 1923 1463; baseline -0.001 -12"><span class='ocrx_word' id='word_1_219' title='bbox 502 1420 656 1455; x_wconf 84' lang='lat' dir='ltr'>continet,</span> <span class='ocrx_word' id='word_1_220' title='bbox 683 1430 765 1460; x_wconf 92' lang='lat' dir='ltr'>quae</span> <span class='ocrx_word' id='word_1_221' title='bbox 788 1420 821 1451; x_wconf 89' lang='lat' dir='ltr'>in</span> <span class='ocrx_word' id='word_1_222' title='bbox 845 1420 966 1452; x_wconf 81' lang='lat' dir='ltr'>verbis:</span> <span class='ocrx_word' id='word_1_223' title='bbox 1001 1423 1057 1451; x_wconf 83' lang='lat' dir='ltr'>Det</span> <span class='ocrx_word' id='word_1_224' title='bbox 1080 1422 1169 1451; x_wconf 76' lang='lat' dir='ltr'>etiam</span> <span class='ocrx_word' id='word_1_225' title='bbox 1193 1422 1362 1462; x_wconf 75' lang='lat' dir='ltr'>deprecatio</span> <span class='ocrx_word' id='word_1_226' title='bbox 1386 1423 1451 1452; x_wconf 75' lang='lat' dir='ltr'>eins</span> <span class='ocrx_word' id='word_1_227' title='bbox 1474 1423 1660 1463; x_wconf 73' lang='lat' dir='ltr'>9eneruli!er</span> <span class='ocrx_word' id='word_1_228' title='bbox 1683 1423 1714 1452; x_wconf 80' lang='lat' dir='ltr'>in</span> <span class='ocrx_word' id='word_1_229' title='bbox 1737 1422 1789 1452; x_wconf 80' lang='lat' dir='ltr'>hoe</span> <span class='ocrx_word' id='word_1_230' title='bbox 1813 1422 1923 1451; x_wconf 80' lang='lat' dir='ltr'>mundo</span> 
     </span>
     <span class='ocr_line' id='line_1_26' title="bbox 499 1472 1924 1514; baseline 0.001 -13"><span class='ocrx_word' id='word_1_231' title='bbox 499 1473 585 1511; x_wconf 74' lang='lat' dir='ltr'>pacis</span> <span class='ocrx_word' id='word_1_232' title='bbox 603 1476 746 1511; x_wconf 77' lang='lat' dir='ltr'>tempora7</span> <span class='ocrx_word' id='word_1_233' title='bbox 773 1473 826 1512; x_wconf 79' lang='lat' dir='ltr'>qui</span> <span class='ocrx_word' id='word_1_234' title='bbox 838 1474 985 1512; x_wconf 83' lang='lat' dir='ltr'>promillil</span> <span class='ocrx_word' id='word_1_235' title='bbox 1002 1474 1090 1503; x_wconf 77' lang='lat' dir='ltr'>inslis</span> <span class='ocrx_word' id='word_1_236' title='bbox 1107 1478 1242 1504; x_wconf 77' lang='lat' dir='ltr'>aelerna.</span> <span class='ocrx_word' id='word_1_237' title='bbox 1283 1472 1375 1504; x_wconf 78' lang='lat' dir='ltr'>Amen</span> <span class='ocrx_word' id='word_1_238' title='bbox 1392 1473 1519 1505; x_wconf 83' lang='lat' dir='ltr'>desinit.</span> <span class='ocrx_word' id='word_1_239' title='bbox 1561 1474 1755 1514; x_wconf 81' lang='lat' dir='ltr'>Sequuntur:</span> <span class='ocrx_word' id='word_1_240' title='bbox 1786 1474 1924 1511; x_wconf 74' lang='lat' dir='ltr'>Qualiter</span> 
     </span>
     <span class='ocr_line' id='line_1_27' title="bbox 500 1523 1923 1566; baseline 0.002 -13"><span class='ocrx_word' id='word_1_241' title='bbox 500 1524 595 1554; x_wconf 76' lang='lat' dir='ltr'>obitus</span> <span class='ocrx_word' id='word_1_242' title='bbox 619 1525 668 1554; x_wconf 75' lang='lat' dir='ltr'>sni</span> <span class='ocrx_word' id='word_1_243' title='bbox 690 1524 767 1554; x_wconf 79' lang='lat' dir='ltr'>diem</span> <span class='ocrx_word' id='word_1_244' title='bbox 791 1526 819 1554; x_wconf 84' lang='lat' dir='ltr'>ei</span> <span class='ocrx_word' id='word_1_245' title='bbox 840 1525 978 1555; x_wconf 70' lang='lat' dir='ltr'>dominus</span> <span class='ocrx_word' id='word_1_246' title='bbox 1002 1526 1148 1556; x_wconf 68' lang='lat' dir='ltr'>revelavit</span> <span class='ocrx_word' id='word_1_247' title='bbox 1167 1524 1295 1566; x_wconf 86' lang='lat' dir='ltr'>aliaque</span> <span class='ocrx_word' id='word_1_248' title='bbox 1311 1535 1328 1557; x_wconf 93' lang='lat' dir='ltr'>e</span> <span class='ocrx_word' id='word_1_249' title='bbox 1345 1525 1425 1557; x_wconf 88' lang='lat' dir='ltr'>libro</span> <span class='ocrx_word' id='word_1_250' title='bbox 1441 1525 1604 1557; x_wconf 88' lang='lat' dir='ltr'>Hinemari</span> <span class='ocrx_word' id='word_1_251' title='bbox 1619 1525 1730 1566; x_wconf 84' lang='lat' dir='ltr'>petita.</span> <span class='ocrx_word' id='word_1_252' title='bbox 1756 1543 1798 1547; x_wconf 97' lang='lat'><strong>—</strong></span> <span class='ocrx_word' id='word_1_253' title='bbox 1821 1523 1923 1556; x_wconf 84' lang='lat' dir='ltr'>Arndt</span> 
     </span>
     <span class='ocr_line' id='line_1_28' title="bbox 503 1574 818 1616; baseline 0.003 -11"><span class='ocrx_word' id='word_1_254' title='bbox 503 1574 642 1606; x_wconf 86' lang='lat' dir='ltr'>codicem</span> <span class='ocrx_word' id='word_1_255' title='bbox 666 1574 818 1616; x_wconf 83' lang='lat' dir='ltr'>inspexit.</span> 
     </span>
    </p>
   </div>
   <div class='ocr_carea' id='block_1_3' title="bbox 300 394 328 525">
    <p class='ocr_par' dir='ltr' id='par_1_9' title="bbox 300 394 328 525">
     <span class='ocr_line' id='line_1_29' title="bbox 300 394 328 525; textangle 90"><span class='ocrx_word' id='word_1_256' title='bbox 300 394 328 525; x_wconf 53' lang='lat'>0532:</span> 
     </span>
    </p>
   </div>
   <div class='ocr_carea' id='block_1_4' title="bbox 296 1642 1922 2225">
    <p class='ocr_par' dir='ltr' id='par_1_10' title="bbox 296 1642 1922 2225">
     <span class='ocr_line' id='line_1_30' title="bbox 383 1642 1918 1685; baseline 0.001 -12"><span class='ocrx_word' id='word_1_257' title='bbox 383 1643 468 1674; x_wconf 88' lang='lat' dir='ltr'>Inter</span> <span class='ocrx_word' id='word_1_258' title='bbox 496 1642 621 1674; x_wconf 86' lang='lat' dir='ltr'>codices</span> <span class='ocrx_word' id='word_1_259' title='bbox 650 1653 720 1675; x_wconf 87' lang='lat' dir='ltr'>eum</span> <span class='ocrx_word' id='word_1_260' title='bbox 745 1643 800 1675; x_wconf 83' lang='lat' dir='ltr'>GC</span> <span class='ocrx_word' id='word_1_261' title='bbox 829 1647 860 1676; x_wconf 84' lang='lat' dir='ltr'>et</span> <span class='ocrx_word' id='word_1_262' title='bbox 883 1648 989 1677; x_wconf 83' lang='lat' dir='ltr'>aetate</span> <span class='ocrx_word' id='word_1_263' title='bbox 1013 1644 1174 1677; x_wconf 83' lang='lat' dir='ltr'>emineant</span> <span class='ocrx_word' id='word_1_264' title='bbox 1197 1647 1229 1676; x_wconf 87' lang='lat' dir='ltr'>et</span> <span class='ocrx_word' id='word_1_265' title='bbox 1251 1645 1339 1677; x_wconf 90' lang='lat' dir='ltr'>nullo</span> <span class='ocrx_word' id='word_1_266' title='bbox 1362 1645 1490 1677; x_wconf 82' lang='lat' dir='ltr'>vinculo</span> <span class='ocrx_word' id='word_1_267' title='bbox 1513 1645 1596 1676; x_wconf 88' lang='lat' dir='ltr'>inter</span> <span class='ocrx_word' id='word_1_268' title='bbox 1619 1655 1654 1676; x_wconf 93' lang='lat' dir='ltr'>se</span> <span class='ocrx_word' id='word_1_269' title='bbox 1677 1644 1918 1685; x_wconf 85' lang='lat' dir='ltr'>coniungantur,</span> 
     </span>
     <span class='ocr_line' id='line_1_31' title="bbox 296 1703 1921 1746; baseline 0.001 -12"><span class='ocrx_word' id='word_1_270' title='bbox 296 1712 450 1734; x_wconf 85' lang='lat' dir='ltr'>consensu</span> <span class='ocrx_word' id='word_1_271' title='bbox 482 1713 588 1735; x_wconf 87' lang='lat' dir='ltr'>eorum</span> <span class='ocrx_word' id='word_1_272' title='bbox 620 1712 670 1734; x_wconf 92' lang='lat' dir='ltr'>res</span> <span class='ocrx_word' id='word_1_273' title='bbox 700 1703 810 1735; x_wconf 85' lang='lat' dir='ltr'>decisa</span> <span class='ocrx_word' id='word_1_274' title='bbox 839 1708 899 1736; x_wconf 88' lang='lat' dir='ltr'>est.</span> <span class='ocrx_word' id='word_1_275' title='bbox 948 1705 1008 1736; x_wconf 92' lang='lat' dir='ltr'>Vbi</span> <span class='ocrx_word' id='word_1_276' title='bbox 1038 1705 1120 1737; x_wconf 87' lang='lat' dir='ltr'>inter</span> <span class='ocrx_word' id='word_1_277' title='bbox 1150 1707 1318 1744; x_wconf 86' lang='lat' dir='ltr'>utrumque</span> <span class='ocrx_word' id='word_1_278' title='bbox 1342 1704 1586 1746; x_wconf 88' lang='lat' dir='ltr'>disceptandum</span> <span class='ocrx_word' id='word_1_279' title='bbox 1610 1708 1693 1744; x_wconf 87' lang='lat' dir='ltr'>erat,</span> <span class='ocrx_word' id='word_1_280' title='bbox 1729 1714 1921 1745; x_wconf 85' lang='lat' dir='ltr'>quamquam</span> 
     </span>
     <span class='ocr_line' id='line_1_32' title="bbox 297 1762 1922 1806; baseline 0.001 -13"><span class='ocrx_word' id='word_1_281' title='bbox 297 1762 323 1793; x_wconf 83' lang='lat' dir='ltr'>G</span> <span class='ocrx_word' id='word_1_282' title='bbox 349 1763 448 1804; x_wconf 80' lang='lat' dir='ltr'>plun&#39;s</span> <span class='ocrx_word' id='word_1_283' title='bbox 471 1762 656 1802; x_wconf 84' lang='lat' dir='ltr'>aestimavi,</span> <span class='ocrx_word' id='word_1_284' title='bbox 683 1763 801 1805; x_wconf 84' lang='lat' dir='ltr'>quippe</span> <span class='ocrx_word' id='word_1_285' title='bbox 825 1764 879 1804; x_wconf 89' lang='lat' dir='ltr'>qui</span> <span class='ocrx_word' id='word_1_286' title='bbox 903 1774 1012 1796; x_wconf 89' lang='lat' dir='ltr'>verum</span> <span class='ocrx_word' id='word_1_287' title='bbox 1035 1775 1274 1805; x_wconf 89' lang='lat' dir='ltr'>nonnumquam</span> <span class='ocrx_word' id='word_1_288' title='bbox 1297 1764 1385 1797; x_wconf 82' lang='lat' dir='ltr'>solus</span> <span class='ocrx_word' id='word_1_289' title='bbox 1408 1764 1593 1804; x_wconf 83' lang='lat' dir='ltr'>servaverit,</span> <span class='ocrx_word' id='word_1_290' title='bbox 1621 1768 1656 1796; x_wconf 88' lang='lat' dir='ltr'>ut</span> <span class='ocrx_word' id='word_1_291' title='bbox 1677 1764 1761 1796; x_wconf 88' lang='lat' dir='ltr'>infra</span> <span class='ocrx_word' id='word_1_292' title='bbox 1783 1775 1815 1806; x_wconf 90' lang='lat' dir='ltr'>p.</span> <span class='ocrx_word' id='word_1_293' title='bbox 1835 1767 1886 1804; x_wconf 78' lang='lat'>65,</span> <span class='ocrx_word' id='word_1_294' title='bbox 1907 1770 1922 1794; x_wconf 79' lang='grc'><strong>6</strong></span> 
     </span>
     <span class='ocr_line' id='line_1_33' title="bbox 297 1823 1922 1867; baseline 0.002 -14"><span class='ocrx_word' id='word_1_295' title='bbox 297 1825 392 1862; x_wconf 59' lang='lat' dir='ltr'>enei-i,</span> <span class='ocrx_word' id='word_1_296' title='bbox 421 1826 527 1855; x_wconf 87' lang='lat' dir='ltr'>tamen</span> <span class='ocrx_word' id='word_1_297' title='bbox 550 1833 612 1855; x_wconf 90' lang='lat' dir='ltr'>non</span> <span class='ocrx_word' id='word_1_298' title='bbox 635 1823 742 1855; x_wconf 87' lang='lat' dir='ltr'>onmia</span> <span class='ocrx_word' id='word_1_299' title='bbox 764 1834 846 1865; x_wconf 87' lang='lat' dir='ltr'>quae</span> <span class='ocrx_word' id='word_1_300' title='bbox 868 1824 900 1856; x_wconf 91' lang='lat' dir='ltr'>in</span> <span class='ocrx_word' id='word_1_301' title='bbox 925 1834 962 1856; x_wconf 92' lang='lat' dir='ltr'>eo</span> <span class='ocrx_word' id='word_1_302' title='bbox 986 1828 1095 1857; x_wconf 87' lang='lat' dir='ltr'>contra</span> <span class='ocrx_word' id='word_1_303' title='bbox 1117 1824 1358 1866; x_wconf 83' lang='lat' dir='ltr'>grammaticam</span> <span class='ocrx_word' id='word_1_304' title='bbox 1381 1828 1515 1867; x_wconf 88' lang='lat' dir='ltr'>peccant</span> <span class='ocrx_word' id='word_1_305' title='bbox 1536 1824 1735 1857; x_wconf 86' lang='lat' dir='ltr'>admittenda</span> <span class='ocrx_word' id='word_1_306' title='bbox 1757 1834 1828 1857; x_wconf 84' lang='lat' dir='ltr'>esse</span> <span class='ocrx_word' id='word_1_307' title='bbox 1845 1824 1922 1856; x_wconf 90' lang='lat' dir='ltr'>duxi</span> 
     </span>
     <span class='ocr_line' id='line_1_34' title="bbox 301 1884 1921 1926; baseline 0.002 -13"><span class='ocrx_word' id='word_1_308' title='bbox 301 1884 344 1922; x_wconf 82' lang='lat' dir='ltr'>(ut</span> <span class='ocrx_word' id='word_1_309' title='bbox 367 1893 472 1924; x_wconf 85' lang='lat' dir='ltr'>praes.</span> <span class='ocrx_word' id='word_1_310' title='bbox 499 1884 632 1915; x_wconf 78' lang='lat' dir='ltr'>desistet.</span> <span class='ocrx_word' id='word_1_311' title='bbox 658 1889 790 1924; x_wconf 68' lang='lat' dir='ltr'>petetur,</span> <span class='ocrx_word' id='word_1_312' title='bbox 817 1894 901 1916; x_wconf 85' lang='lat' dir='ltr'>nom.</span> <span class='ocrx_word' id='word_1_313' title='bbox 928 1886 1078 1926; x_wconf 76' lang='lat' dir='ltr'>antiquos,</span> <span class='ocrx_word' id='word_1_314' title='bbox 1104 1886 1236 1925; x_wconf 73' lang='lat' dir='ltr'>faemos,</span> <span class='ocrx_word' id='word_1_315' title='bbox 1265 1887 1453 1926; x_wconf 71' lang='grc' dir='ltr'>ἰναηιᾳιιίΙΙα,</span> <span class='ocrx_word' id='word_1_316' title='bbox 1480 1886 1707 1925; x_wconf 68' lang='lat' dir='ltr'>sollemnitatis),</span> <span class='ocrx_word' id='word_1_317' title='bbox 1733 1884 1921 1926; x_wconf 83' lang='lat' dir='ltr'>praesertim</span> 
     </span>
     <span class='ocr_line' id='line_1_35' title="bbox 297 1942 1922 1986; baseline 0.002 -13"><span class='ocrx_word' id='word_1_318' title='bbox 297 1953 366 1973; x_wconf 85' lang='lat' dir='ltr'>cum</span> <span class='ocrx_word' id='word_1_319' title='bbox 396 1942 447 1974; x_wconf 88' lang='lat' dir='ltr'>hic</span> <span class='ocrx_word' id='word_1_320' title='bbox 478 1943 544 1974; x_wconf 88' lang='lat' dir='ltr'>illie</span> <span class='ocrx_word' id='word_1_321' title='bbox 570 1947 675 1976; x_wconf 87' lang='lat' dir='ltr'>textus</span> <span class='ocrx_word' id='word_1_322' title='bbox 700 1943 728 1975; x_wconf 74' lang='lat' dir='ltr'>Gr</span> <span class='ocrx_word' id='word_1_323' title='bbox 757 1944 826 1976; x_wconf 89' lang='lat' dir='ltr'>sine</span> <span class='ocrx_word' id='word_1_324' title='bbox 858 1944 955 1976; x_wconf 88' lang='lat' dir='ltr'>dubio</span> <span class='ocrx_word' id='word_1_325' title='bbox 978 1948 1098 1977; x_wconf 86' lang='lat' dir='ltr'>temere</span> <span class='ocrx_word' id='word_1_326' title='bbox 1121 1948 1261 1977; x_wconf 82' lang='lat' dir='ltr'>mutatus</span> <span class='ocrx_word' id='word_1_327' title='bbox 1286 1945 1335 1977; x_wconf 89' lang='lat' dir='ltr'>sit.</span> <span class='ocrx_word' id='word_1_328' title='bbox 1384 1945 1532 1986; x_wconf 85' lang='lat' dir='ltr'>Exempli</span> <span class='ocrx_word' id='word_1_329' title='bbox 1556 1945 1660 1986; x_wconf 82' lang='lat' dir='ltr'>gratia</span> <span class='ocrx_word' id='word_1_330' title='bbox 1682 1948 1791 1977; x_wconf 84' lang='lat' dir='ltr'>contra</span> <span class='ocrx_word' id='word_1_331' title='bbox 1813 1948 1922 1977; x_wconf 89' lang='lat' dir='ltr'>aueto-</span> 
     </span>
     <span class='ocr_line' id='line_1_36' title="bbox 297 2002 1922 2046; baseline 0.002 -13"><span class='ocrx_word' id='word_1_332' title='bbox 297 2002 420 2034; x_wconf 85' lang='lat' dir='ltr'>ritatem</span> <span class='ocrx_word' id='word_1_333' title='bbox 452 2003 643 2043; x_wconf 80' lang='lat' dir='ltr'>reliquorum</span> <span class='ocrx_word' id='word_1_334' title='bbox 675 2003 825 2036; x_wconf 87' lang='lat' dir='ltr'>librorum</span> <span class='ocrx_word' id='word_1_335' title='bbox 856 2004 1047 2046; x_wconf 79' lang='lat' dir='ltr'>saepissime</span> <span class='ocrx_word' id='word_1_336' title='bbox 1077 2015 1133 2046; x_wconf 89' lang='lat' dir='ltr'>pro</span> <span class='ocrx_word' id='word_1_337' title='bbox 1157 2005 1311 2037; x_wconf 87' lang='lat' dir='ltr'>Remedio</span> <span class='ocrx_word' id='word_1_338' title='bbox 1342 2006 1392 2036; x_wconf 86' lang='lat' dir='ltr'>ille</span> <span class='ocrx_word' id='word_1_339' title='bbox 1420 2005 1557 2046; x_wconf 78' lang='lat' dir='ltr'>scripsit.</span> <span class='ocrx_word' id='word_1_340' title='bbox 1606 2005 1663 2036; x_wconf 89' lang='lat' dir='ltr'>DE</span> <span class='ocrx_word' id='word_1_341' title='bbox 1687 2005 1922 2037; x_wconf 87' lang='lat' dir='ltr'>eonsentientes</span> 
     </span>
     <span class='ocr_line' id='line_1_37' title="bbox 297 2062 1922 2105; baseline 0.002 -12"><span class='ocrx_word' id='word_1_342' title='bbox 297 2062 435 2103; x_wconf 85' lang='lat' dir='ltr'>pessime</span> <span class='ocrx_word' id='word_1_343' title='bbox 463 2062 628 2103; x_wconf 85' lang='lat' dir='ltr'>depravati</span> <span class='ocrx_word' id='word_1_344' title='bbox 659 2067 745 2098; x_wconf 85' lang='lat' dir='ltr'>sunt:</span> <span class='ocrx_word' id='word_1_345' title='bbox 781 2064 807 2095; x_wconf 88' lang='lat' dir='ltr'>E</span> <span class='ocrx_word' id='word_1_346' title='bbox 835 2074 1072 2105; x_wconf 91' lang='lat' dir='ltr'>nonnumquam</span> <span class='ocrx_word' id='word_1_347' title='bbox 1103 2075 1174 2097; x_wconf 90' lang='lat' dir='ltr'>eum</span> <span class='ocrx_word' id='word_1_348' title='bbox 1199 2065 1223 2097; x_wconf 89' lang='lat' dir='ltr'>C</span> <span class='ocrx_word' id='word_1_349' title='bbox 1255 2065 1411 2097; x_wconf 87' lang='lat' dir='ltr'>convenit.</span> <span class='ocrx_word' id='word_1_350' title='bbox 1460 2064 1596 2097; x_wconf 83' lang='lat' dir='ltr'>Codices</span> <span class='ocrx_word' id='word_1_351' title='bbox 1620 2065 1688 2097; x_wconf 90' lang='lat' dir='ltr'>C¹B</span> <span class='ocrx_word' id='word_1_352' title='bbox 1718 2064 1830 2097; x_wconf 89' lang='lat' dir='ltr'>eodem</span> <span class='ocrx_word' id='word_1_353' title='bbox 1854 2065 1922 2097; x_wconf 88' lang='lat' dir='ltr'>loeo</span> 
     </span>
     <span class='ocr_line' id='line_1_38' title="bbox 298 2122 1921 2166; baseline 0.002 -13"><span class='ocrx_word' id='word_1_354' title='bbox 298 2122 386 2153; x_wconf 84' lang='lat' dir='ltr'>hiant</span> <span class='ocrx_word' id='word_1_355' title='bbox 422 2123 471 2162; x_wconf 61' lang='lat' dir='ltr'>[cf.</span> <span class='ocrx_word' id='word_1_356' title='bbox 497 2123 581 2155; x_wconf 76' lang='lat' dir='ltr'>infra</span> <span class='ocrx_word' id='word_1_357' title='bbox 604 2134 634 2165; x_wconf 87' lang='lat' dir='ltr'>p.</span> <span class='ocrx_word' id='word_1_358' title='bbox 656 2126 705 2163; x_wconf 81' lang='lat'>66,</span> <span class='ocrx_word' id='word_1_359' title='bbox 727 2125 771 2163; x_wconf 47' lang='lat' dir='ltr'>zi:</span> <span class='ocrx_word' id='word_1_360' title='bbox 807 2124 889 2156; x_wconf 88' lang='lat' dir='ltr'>alias</span> <span class='ocrx_word' id='word_1_361' title='bbox 912 2124 951 2157; x_wconf 72' lang='lat'>(3¹</span> <span class='ocrx_word' id='word_1_362' title='bbox 983 2134 1053 2157; x_wconf 89' lang='lat' dir='ltr'>cum</span> <span class='ocrx_word' id='word_1_363' title='bbox 1077 2125 1116 2156; x_wconf 92' lang='lat' dir='ltr'>W</span> <span class='ocrx_word' id='word_1_364' title='bbox 1146 2125 1311 2166; x_wconf 80' lang='lat' dir='ltr'>convenit,</span> <span class='ocrx_word' id='word_1_365' title='bbox 1345 2124 1420 2157; x_wconf 80' lang='lat' dir='ltr'>&lt;lum</span> <span class='ocrx_word' id='word_1_366' title='bbox 1451 2124 1492 2157; x_wconf 81' lang='lat' dir='ltr'>C2</span> <span class='ocrx_word' id='word_1_367' title='bbox 1520 2124 1604 2156; x_wconf 89' lang='lat' dir='ltr'>infra</span> <span class='ocrx_word' id='word_1_368' title='bbox 1626 2135 1658 2166; x_wconf 85' lang='lat' dir='ltr'>p.</span> <span class='ocrx_word' id='word_1_369' title='bbox 1685 2126 1734 2164; x_wconf 79' lang='lat'>66⁷</span> <span class='ocrx_word' id='word_1_370' title='bbox 1761 2131 1776 2155; x_wconf 85' lang='grc'><strong>9</strong></span> <span class='ocrx_word' id='word_1_371' title='bbox 1801 2134 1871 2157; x_wconf 92' lang='lat' dir='ltr'>eum</span> <span class='ocrx_word' id='word_1_372' title='bbox 1895 2125 1921 2156; x_wconf 88' lang='lat' dir='ltr'>E</span> 
     </span>
     <span class='ocr_line' id='line_1_39' title="bbox 296 2182 887 2225; baseline 0.005 -12"><span class='ocrx_word' id='word_1_373' title='bbox 296 2182 393 2213; x_wconf 85' lang='lat' dir='ltr'>verba</span> <span class='ocrx_word' id='word_1_374' title='bbox 417 2185 533 2213; x_wconf 74' lang='lat' dir='ltr'>nomine</span> <span class='ocrx_word' id='word_1_375' title='bbox 556 2184 725 2215; x_wconf 70' lang='lat' dir='ltr'>benedictus</span> <span class='ocrx_word' id='word_1_376' title='bbox 749 2185 887 2225; x_wconf 80' lang='lat' dir='ltr'>supplet.</span> 
     </span>
    </p>
   </div>
   <div class='ocr_carea' id='block_1_5' title="bbox 449 2244 1922 2645">
    <p class='ocr_par' dir='ltr' id='par_1_11' title="bbox 449 2244 1922 2328">
     <span class='ocr_line' id='line_1_40' title="bbox 449 2244 1922 2287; baseline 0.003 -14"><span class='ocrx_word' id='word_1_377' title='bbox 449 2244 654 2283; x_wconf 69' lang='lat' dir='ltr'>mombritius,</span> <span class='ocrx_word' id='word_1_378' title='bbox 684 2246 916 2283; x_wconf 55' lang='lat' dir='ltr'>&amp;mi-martion,</span> <span class='ocrx_word' id='word_1_379' title='bbox 944 2246 1108 2276; x_wconf 75' lang='lat' dir='ltr'>Mediolani</span> <span class='ocrx_word' id='word_1_380' title='bbox 1131 2246 1284 2286; x_wconf 65' lang='lat'>(147522),</span> <span class='ocrx_word' id='word_1_381' title='bbox 1319 2245 1360 2285; x_wconf 89' lang='lat' dir='ltr'>II,</span> <span class='ocrx_word' id='word_1_382' title='bbox 1389 2247 1450 2276; x_wconf 74' lang='lat'>240</span> <span class='ocrx_word' id='word_1_383' title='bbox 1484 2245 1654 2277; x_wconf 82' lang='lat' dir='ltr'>editionem</span> <span class='ocrx_word' id='word_1_384' title='bbox 1682 2245 1856 2287; x_wconf 85' lang='lat' dir='ltr'>principem</span> <span class='ocrx_word' id='word_1_385' title='bbox 1879 2244 1922 2276; x_wconf 84' lang='lat' dir='ltr'>ad</span> 
     </span>
     <span class='ocr_line' id='line_1_41' title="bbox 504 2294 1048 2328; baseline 0.004 -3"><span class='ocrx_word' id='word_1_386' title='bbox 504 2294 645 2326; x_wconf 87' lang='lat' dir='ltr'>codicem</span> <span class='ocrx_word' id='word_1_387' title='bbox 670 2295 694 2326; x_wconf 90' lang='lat' dir='ltr'>C</span> <span class='ocrx_word' id='word_1_388' title='bbox 719 2295 854 2327; x_wconf 85' lang='lat' dir='ltr'>similem</span> <span class='ocrx_word' id='word_1_389' title='bbox 878 2296 1048 2328; x_wconf 87' lang='lat' dir='ltr'>recensuit.</span> 
     </span>
    </p>

    <p class='ocr_par' dir='ltr' id='par_1_12' title="bbox 452 2347 1922 2431">
     <span class='ocr_line' id='line_1_42' title="bbox 452 2347 1922 2388; baseline 0.003 -13"><span class='ocrx_word' id='word_1_390' title='bbox 452 2348 576 2384; x_wconf 65' lang='lat' dir='ltr'>Sur-ins,</span> <span class='ocrx_word' id='word_1_391' title='bbox 604 2348 646 2376; x_wconf 85' lang='lat' dir='ltr'>De</span> <span class='ocrx_word' id='word_1_392' title='bbox 668 2347 804 2386; x_wconf 76' lang='lat' dir='ltr'>probatis</span> <span class='ocrx_word' id='word_1_393' title='bbox 828 2352 1001 2378; x_wconf 72' lang='lat' dir='ltr'>sanelorwn</span> <span class='ocrx_word' id='word_1_394' title='bbox 1025 2349 1168 2387; x_wconf 78' lang='lat' dir='ltr'>historiis,</span> <span class='ocrx_word' id='word_1_395' title='bbox 1199 2349 1338 2379; x_wconf 76' lang='lat' dir='ltr'>Coloniae</span> <span class='ocrx_word' id='word_1_396' title='bbox 1357 2351 1451 2388; x_wconf 65' lang='lat'><strong><em>1574,</em></strong></span> <span class='ocrx_word' id='word_1_397' title='bbox 1477 2348 1515 2388; x_wconf 80' lang='lat' dir='ltr'>V,</span> <span class='ocrx_word' id='word_1_398' title='bbox 1536 2350 1606 2387; x_wconf 53' lang='lat'><strong>-159,</strong></span> <span class='ocrx_word' id='word_1_399' title='bbox 1634 2350 1756 2380; x_wconf 82' lang='lat' dir='ltr'>textum</span> <span class='ocrx_word' id='word_1_400' title='bbox 1772 2348 1922 2380; x_wconf 78' lang='lat' dir='ltr'>Membri-</span> 
     </span>
     <span class='ocr_line' id='line_1_43' title="bbox 500 2397 1074 2431; baseline 0.003 -3"><span class='ocrx_word' id='word_1_401' title='bbox 500 2397 619 2429; x_wconf 87' lang='lat' dir='ltr'>tianum</span> <span class='ocrx_word' id='word_1_402' title='bbox 644 2398 805 2429; x_wconf 89' lang='lat' dir='ltr'>nonnullis</span> <span class='ocrx_word' id='word_1_403' title='bbox 828 2398 907 2430; x_wconf 80' lang='lat' dir='ltr'>loeis</span> <span class='ocrx_word' id='word_1_404' title='bbox 930 2399 1074 2431; x_wconf 85' lang='lat' dir='ltr'>mutavit.</span> 
     </span>
    </p>

    <p class='ocr_par' dir='ltr' id='par_1_13' title="bbox 451 2449 1921 2544">
     <span class='ocr_line' id='line_1_44' title="bbox 451 2449 1921 2491; baseline 0.003 -13"><span class='ocrx_word' id='word_1_405' title='bbox 451 2450 660 2487; x_wconf 69' lang='lat' dir='ltr'>Bollantlt&#39;mzi,</span> <span class='ocrx_word' id='word_1_406' title='bbox 696 2449 768 2480; x_wconf 72' lang='lat' dir='ltr'>Actu</span> <span class='ocrx_word' id='word_1_407' title='bbox 794 2455 985 2490; x_wconf 75' lang='lat' dir='ltr'>sauciorum,</span> <span class='ocrx_word' id='word_1_408' title='bbox 1021 2450 1204 2491; x_wconf 54' lang='lat' dir='ltr'>sintvetpiae</span> <span class='ocrx_word' id='word_1_409' title='bbox 1231 2452 1322 2489; x_wconf 74' lang='lat'><em>1765,</em></span> <span class='ocrx_word' id='word_1_410' title='bbox 1362 2452 1386 2481; x_wconf 89' lang='lat' dir='ltr'>l.</span> <span class='ocrx_word' id='word_1_411' title='bbox 1414 2450 1483 2483; x_wconf 85' lang='lat' dir='ltr'>Oet.</span> <span class='ocrx_word' id='word_1_412' title='bbox 1510 2451 1535 2488; x_wconf 91' lang='lat' dir='ltr'>I,</span> <span class='ocrx_word' id='word_1_413' title='bbox 1566 2452 1623 2482; x_wconf 74' lang='lat'>128</span> <span class='ocrx_word' id='word_1_414' title='bbox 1649 2450 1810 2482; x_wconf 80' lang='lat' dir='ltr'>codicibus</span> <span class='ocrx_word' id='word_1_415' title='bbox 1834 2450 1921 2482; x_wconf 86' lang='lat' dir='ltr'>DEB</span> 
     </span>
     <span class='ocr_line' id='line_1_45' title="bbox 500 2500 1468 2544; baseline 0.002 -13"><span class='ocrx_word' id='word_1_416' title='bbox 500 2500 559 2538; x_wconf 83' lang='lat' dir='ltr'>usi.</span> <span class='ocrx_word' id='word_1_417' title='bbox 586 2503 706 2532; x_wconf 87' lang='lat' dir='ltr'>textum</span> <span class='ocrx_word' id='word_1_418' title='bbox 730 2501 834 2542; x_wconf 80' lang='lat' dir='ltr'>magis</span> <span class='ocrx_word' id='word_1_419' title='bbox 859 2505 1065 2544; x_wconf 83' lang='lat' dir='ltr'>corruperunt</span> <span class='ocrx_word' id='word_1_420' title='bbox 1087 2512 1183 2543; x_wconf 90' lang='lat' dir='ltr'>quam</span> <span class='ocrx_word' id='word_1_421' title='bbox 1207 2501 1468 2534; x_wconf 80' lang='lat' dir='ltr'>emendaverunt.</span> 
     </span>
    </p>

    <p class='ocr_par' dir='ltr' id='par_1_14' title="bbox 451 2551 1921 2645">
     <span class='ocr_line' id='line_1_46' title="bbox 451 2551 1921 2594; baseline 0.003 -15"><span class='ocrx_word' id='word_1_422' title='bbox 451 2552 642 2592; x_wconf 68' lang='lat' dir='ltr'>tiltesqm&#39;ere,</span> <span class='ocrx_word' id='word_1_423' title='bbox 669 2551 742 2582; x_wconf 54' lang='lat' dir='ltr'>siclo</span> <span class='ocrx_word' id='word_1_424' title='bbox 768 2557 939 2584; x_wconf 76' lang='lat' dir='ltr'>sauctorum</span> <span class='ocrx_word' id='word_1_425' title='bbox 965 2555 1070 2594; x_wconf 63' lang='lat' dir='ltr'>Belffl&#39;l‘,</span> <span class='ocrx_word' id='word_1_426' title='bbox 1098 2555 1260 2584; x_wconf 58' lang='lat' dir='ltr'>Brznrellis</span> <span class='ocrx_word' id='word_1_427' title='bbox 1288 2555 1379 2591; x_wconf 59' lang='lat'><em>17⁸5,</em></span> <span class='ocrx_word' id='word_1_428' title='bbox 1407 2553 1432 2591; x_wconf 70' lang='lat'>1,</span> <span class='ocrx_word' id='word_1_429' title='bbox 1459 2555 1515 2583; x_wconf 80' lang='lat'>501</span> <span class='ocrx_word' id='word_1_430' title='bbox 1550 2556 1581 2585; x_wconf 78' lang='lat' dir='ltr'>et</span> <span class='ocrx_word' id='word_1_431' title='bbox 1609 2553 1703 2584; x_wconf 75' lang='lat' dir='ltr'>Luchi</span> <span class='ocrx_word' id='word_1_432' title='bbox 1725 2563 1757 2593; x_wconf 90' lang='lat' dir='ltr'>p.</span> <span class='ocrx_word' id='word_1_433' title='bbox 1787 2554 1842 2583; x_wconf 82' lang='lat'>113</span> <span class='ocrx_word' id='word_1_434' title='bbox 1870 2554 1921 2592; x_wconf 87' lang='lat'>(=</span> 
     </span>
     <span class='ocr_line' id='line_1_47' title="bbox 500 2602 1700 2645; baseline 0.002 -13"><span class='ocrx_word' id='word_1_435' title='bbox 500 2605 598 2642; x_wconf 44' lang='lat' dir='ltr'>illique</span> <span class='ocrx_word' id='word_1_436' title='bbox 622 2602 833 2641; x_wconf 85' lang='lat' dir='ltr'>LXXXVIII,</span> <span class='ocrx_word' id='word_1_437' title='bbox 863 2614 892 2645; x_wconf 89' lang='lat' dir='ltr'>p.</span> <span class='ocrx_word' id='word_1_438' title='bbox 922 2605 992 2644; x_wconf 76' lang='lat'>527)</span> <span class='ocrx_word' id='word_1_439' title='bbox 1020 2608 1142 2637; x_wconf 86' lang='lat' dir='ltr'>textum</span> <span class='ocrx_word' id='word_1_440' title='bbox 1166 2604 1447 2637; x_wconf 86' lang='lat' dir='ltr'>Bollandianorum</span> <span class='ocrx_word' id='word_1_441' title='bbox 1472 2604 1700 2645; x_wconf 84' lang='lat' dir='ltr'>repetiverunt.</span> 
     </span>
    </p>
   </div>
  </div>
 </body>
</html>
