2038 3036
252 417 278 447 ll

235 929 277 959 lll

233 1753 275 1783 IV

308 122 325 150 5
913 114 1080 141 VENAN'rl
1101 113 1319 140 Fon'l‘VNA'rl

307 226 367 251 egi·
397 214 435 245 de
467 213 584 243 sam-tis
616 210 872 252 pcrmancutilnis
899 213 930 240 et
953 208 1036 248 «prod
1060 211 1108 239 est
1133 207 1260 239 felicius
1283 208 1314 239 in
1338 218 1436 248 regno
1461 208 1578 241 Christi
1603 208 1718 240 cotidie
1742 208 1926 242 florentibus

308 266 349 296 uil
387 266 557 295 reti-rrum*
595 261 779 303 pracsertim
819 261 868 290 ubi
907 259 1032 290 ‹iiim-sa
1061 258 1258 290 diversarum
1291 259 1426 300 partium
1458 260 1584 291 videtur
1613 270 1685 292 esse
1715 270 1814 292 causa
1843 271 1926 293 mer-

306 316 435 347 cedum.
470 314 552 354 quod
583 313 719 353 gentiles
750 312 882 342 triu-tum
914 310 1031 341 laboris
1062 310 1110 341 sui
1140 310 1171 341 iu
1203 310 1391 342 inauitatum
1417 311 1524 342 fau'ore
1548 312 1715 343 voluerunt
1738 312 1921 351 consistere,

306 378 360 398 uus
393 371 497 397 autem
529 368 670 405 oporteat
704 363 734 393 iu
763 363 925 392 beatorum
957 361 1094 392 virorum
1118 361 1346 394 intercessione
1370 362 1530 403 plantare,
1565 362 1680 403 quibus
1705 362 1755 394 hie
1779 363 1876 396 verba
1899 364 1924 396 si

306 418 466 449 sopanus.
496 416 559 447 illic
584 415 700 453 gaudia
725 422 956 454 comparamus.
1010 414 1047 451 14]
1078 413 1199 445 ldcirco
1223 413 1336 445 reddat
1358 413 1406 445 illi
1431 414 1556 445 mobilis
1580 414 1690 454 lingua
1707 415 1919 455 praeconium,

304 481 322 500 a
346 479 406 509 «μιιι
431 468 517 509 prius
542 471 668 508 pectora
692 469 904 506 com-eperunt
926 465 1092 497 allectum:
1120 475 1193 496 nam
1218 465 1308 496 bonis
1332 465 1400 496 eius
1424 469 1534 506 aperte
1558 465 1704 497 credetur
1727 465 1872 504 invideri,
1899 467 1925 498 si

303 531 383 561 quac
412 520 451 551 de
483 520 537 550 illo
569 517 793 556 cognovimus.
829 516 955 547 silentio
987 516 1156 548 videantur
1185 516 1348 548 abscondi.
1396 517 1508 548 Merito
1533 517 1639 556 itaque
1663 526 1732 548 cum
1757 517 1871 549 ceteris
1895 521 1926 550 et

304 583 352 602 mc
376 572 415 602 de
440 582 473 602 se
498 570 582 609 loqui
607 569 778 610 compellit.
806 568 858 608 qui
883 567 978 599 etiam
1004 572 1106 599 mutos
1131 571 1164 599 ut
1188 568 1356 608 loquantur
1373 568 1522 600 absolvit.
1574 570 1612 608 (5]
1643 568 1706 599 Sed
1723 579 1817 609 quam
1834 569 1926 610 plura

303 623 455 664 supi-istis
490 622 520 652 iu
556 630 684 662 corpore
720 619 830 651 fecerit
865 619 915 650 vel
949 623 1068 660 quanta
1102 624 1252 661 operatus
1288 620 1343 658 sit,
1390 623 1555 661 postquam
1590 623 1721 651 aetema
1754 620 1787 651 in
1817 620 1925 660 requie

304 674 528 715 plaudentibus
558 672 684 711 augelis
713 672 755 703 ad
779 670 939 702 Christum
970 670 1070 702 victor
1100 671 1139 702 de
1164 671 1272 703 mundi
1297 671 1468 703 certamine
1492 671 1746 712 transmigravit,
1779 671 1840 703 etsi
1862 682 1925 703 non

303 726 388 767 potui
420 735 573 756 annorum
606 727 763 755 vetustate
795 723 990 764 subripiente
1023 723 1223 763 contingere.
1256 726 1395 754 attamen
1419 723 1470 754 vel
1494 733 1576 763 quae
1599 723 1761 764 praesenti
1784 727 1925 765 tempore

303 777 454 808 miracula
478 775 655 807 misericors
680 774 835 816 praebuit.
864 774 957 815 cupio
981 773 1136 815 indigenti
1160 774 1331 806 memoriae
1355 785 1417 806 non
1442 774 1607 806 fraudare:
1635 778 1669 806 ut
1685 775 1829 816 quisquis
1846 774 1925 807 haec

302 829 387 860 tidcli
418 829 497 859 sicut
527 828 680 859 condecet
709 826 819 858 auditu
851 825 1046 867 perceperit.
1081 830 1113 858 et
1142 826 1313 868 praeterita
1337 836 1564 867 recognoscere
1589 826 1730 866 gaudeat
1752 830 1784 858 et
1807 826 1926 858 similia

303 881 366 912 lieri
392 880 505 911 virtute
530 878 720 910 confessoris
744 878 776 909 in
800 877 904 909 futuro
929 877 1078 909 confidat.

396 935 421 970 ¹(3
460 931 560 971 Igitur
584 930 759 961 l’robianus
789 939 858 960 cum
890 928 987 960 dubio
1016 929 1079 960 iam
1104 929 1188 961 vitae
1213 929 1367 970 penderet
1390 929 1421 960 in
1445 928 1507 961 tine
1531 932 1562 960 et
1585 939 1674 970 spem
1698 929 1925 961 convalescen-

302 983 361 1014 dae
392 983 544 1014 instintiae
575 991 658 1012 mors
681 980 790 1012 invida
813 980 998 1021 parentibus
1022 980 1186 1022 subripere
1211 980 1391 1013 festinaret,
1427 991 1486 1012 nec
1509 981 1634 1021 parvuli
1658 981 1753 1012 funus
1776 981 1924 1012 acerbum

300 1035 505 1066 considerans
539 1044 596 1065 nce
627 1032 785 1064 desideria
815 1032 1056 1072 ingemiscentis
1088 1033 1261 1064 senectutis
1293 1037 1458 1074 spectans.
1497 1031 1594 1064 avida
1624 1032 1774 1073 quicquid
1804 1032 1927 1064 invenit

301 1091 389 1117 extra
419 1090 533 1117 sortem
566 1084 774 1122 concludens,
809 1084 878 1115 sola
907 1083 1134 1115 intercessione
1164 1084 1249 1116 beati
1273 1084 1388 1115 Hilarii
1419 1084 1578 1116 restiterat
1601 1083 1787 1116 moribundo
1810 1084 1924 1116 salutis

300 1137 433 1169 occasio.
490 1139 516 1177 (7
556 1136 656 1173 Quem
676 1136 796 1166 Franco
820 1145 897 1166 suus
921 1135 1046 1175 genitor
1069 1139 1100 1167 et
1119 1135 1301 1167 Periculosa
1323 1139 1433 1168 mater.
1463 1145 1544 1176 quae
1567 1135 1671 1175 magis
1694 1145 1845 1167 converso
1868 1145 1925 1167 no—

301 1189 384 1220 mine
402 1189 457 1219 tilii
475 1188 715 1229 periclitabatur
736 1188 766 1218 in
783 1197 869 1223 nece,
890 1187 953 1218 iam
971 1187 1063 1227 quasi
1080 1187 1222 1219 defuncti
1240 1187 1510 1228 praemeditantes
1527 1187 1698 1228 exsequias
1715 1197 1786 1220 cum
1803 1187 1925 1228 ingenti

300 1241 373 1272 ilctu
397 1241 427 1271 in
452 1239 643 1271 confessoris
667 1239 872 1270 tabernaculo
897 1238 1089 1270 detulerunt.
1144 1240 1181 1279 (S)
1211 1239 1299 1270 Tunc
1329 1243 1459 1271 sanctus
1482 1239 1623 1271 Ililarius
1652 1239 1692 1271 ab
1715 1243 1844 1271 auctore
1867 1249 1924 1271 suo

300 1295 441 1323 secretae
465 1291 541 1322 artis
565 1291 719 1322 exbibens
742 1290 948 1329 medicinam,
985 1294 1154 1322 consuetus
1179 1290 1219 1322 de
1243 1290 1410 1332 dispendio
1434 1290 1555 1322 funeris
1578 1290 1713 1323 reddere
1737 1290 1925 1332 compendia

299 1344 460 1381 sanitatis,
494 1342 598 1374 subito
628 1342 838 1374 membrorum
870 1341 1020 1374 fluentem
1051 1342 1206 1374 fabricam
1236 1343 1332 1374 verbo
1355 1346 1507 1383 operante
1532 1342 1675 1374 subrexit
1697 1345 1728 1374 et
1750 1342 1783 1373 iu
1807 1346 1924 1374 statum

301 1395 465 1436 pristinum
494 1398 655 1434 tamquam
686 1393 712 1424 si
736 1394 816 1425 nihil
842 1393 956 1425 fuisset
979 1393 1115 1425 solubile
1139 1393 1338 1425 reformavit:
1374 1404 1447 1425 mox
1471 1397 1636 1435 parentum
1661 1394 1809 1426 lacrimas
1833 1393 1926 1426 laeti—

299 1447 362 1478 tiae
386 1447 467 1478 mole
491 1445 736 1487 superveniente
760 1445 906 1485 siccavit,
936 1446 1073 1486 gemitus
1097 1449 1168 1477 voto
1193 1445 1384 1489 succedente
1408 1446 1597 1487 praeclusit,
1625 1445 1678 1477 ubi
1702 1445 1765 1477 iam
1789 1455 1844 1487 per
1867 1445 1924 1476 do-

298 1499 396 1529 lorem
419 1508 481 1529 non
505 1501 572 1529 erat
595 1497 651 1529 sed
675 1507 731 1538 per
754 1497 873 1537 gaudia
896 1497 980 1538 quod
1004 1497 1175 1538 plorarent.
1228 1498 1267 1536 (9)
1295 1497 1383 1535 Quas
1406 1507 1537 1539 poenas⁷
1564 1508 1646 1538 quae
1668 1500 1824 1529 tormenta
1840 1506 1924 1528 mors

298 1551 369 1591 ipsa
396 1554 469 1581 tune
497 1549 642 1590 pertulit⁷
677 1548 805 1589 quando
829 1548 911 1580 illud
934 1549 1019 1589 quod
1043 1549 1194 1581 credebat
1216 1549 1369 1580 invadere
1394 1549 1439 1580 sie
1462 1549 1590 1580 amisit?
1630 1549 1774 1581 Profecto
1797 1548 1924 1589 quando

298 1602 431 1633 alterum
463 1601 574 1632 victrix
599 1601 692 1632 ferire
715 1611 778 1632 non
801 1601 919 1642 potuit,
954 1610 988 1632 se
1011 1610 1096 1632 mors
1120 1601 1204 1632 victa
1226 1601 1394 1642 percussit.
1446 1602 1507 1642 (10)
1535 1600 1596 1638 Qui
1619 1604 1725 1633 tamen
1747 1600 1924 1632 Probianus

299 1653 435 1684 civitatis
463 1653 585 1694 apicem
615 1652 729 1684 meruit
756 1652 898 1684 obtinere
928 1652 1084 1693 pontificis
1115 1656 1147 1684 et
1177 1662 1277 1693 usque
1307 1652 1339 1683 in
1370 1652 1557 1684 hodiernum
1582 1652 1666 1684 diem
1689 1652 1732 1684 ad
1755 1651 1925 1684 luminaria

299 1705 347 1736 sui
372 1704 486 1736 medici
510 1704 645 1745 singulis
668 1704 761 1735 annis
784 1704 869 1736 vitae
893 1704 1016 1736 debitor
1039 1704 1157 1736 tributa
1181 1704 1337 1736 dissolvit.

389 1758 412 1795 [1
427 1758 448 1795 ly
477 1756 561 1787 Illud
585 1766 710 1796 quoque
733 1755 825 1787 nobis
848 1759 897 1787 est
919 1759 983 1787 tam
1008 1756 1171 1797 singulare
1194 1756 1382 1787 miraculum
1406 1766 1461 1797 pro
1484 1755 1587 1797 gloria
1611 1755 1780 1787 conlatoris
1797 1755 1839 1787 ad
1855 1765 1922 1788 me-

300 1807 429 1839 moriam
460 1807 569 1848 populi
601 1807 828 1839 revocandum.
876 1807 959 1838 Nam
988 1817 1058 1839 eum
1083 1818 1101 1838 a
1125 1807 1278 1840 Cadureis
1302 1807 1465 1839 venissent
1489 1808 1551 1839 duo
1574 1807 1682 1848 leprae
1706 1807 1840 1839 maculis
1863 1806 1924 1838 im-

300 1859 408 1890 mutati
439 1868 527 1900 spem
559 1868 636 1890 suae
667 1859 779 1890 salutis
809 1859 841 1890 in
873 1859 975 1890 saneti
1006 1859 1232 1891 intercessione
1263 1859 1451 1899 fundantes,
1486 1859 1525 1891 de
1556 1859 1687 1900 pulvere
1714 1859 1768 1899 qui
1791 1858 1831 1890 ab
1855 1858 1923 1890 eius

300 1910 465 1951 sepulchro
489 1910 732 1951 abstergebatur
755 1920 813 1942 sua
836 1911 981 1942 lavantes
1005 1911 1110 1952 capita
1134 1914 1165 1942 et
1187 1910 1329 1942 membra
1353 1910 1476 1951 reliqua
1499 1913 1753 1952 perunguentes.
1780 1913 1844 1942 tam
1869 1909 1923 1941 diu

301 1961 360 1992 sibi
391 1962 487 1992 talem
517 1972 623 1993 euram
652 1961 787 1993 fideliter
809 1962 1050 2003 impenderunt,
1085 1961 1186 1994 donec
1209 1961 1400 1994 infirmitatis
1423 1962 1525 2003 ipsius
1548 1963 1639 1994 uleus
1663 1972 1701 1994 ae
1723 1961 1861 1994 varietas
1884 1961 1923 1994 de

300 2023 427 2054 corpore
451 2013 534 2053 quod
558 2013 776 2054 captivaverat
799 2014 926 2055 captiva
949 2014 1117 2054 migraret7
1150 2017 1184 2046 ut
1206 2014 1340 2055 decepta
1363 2013 1429 2045 suis
1453 2013 1576 2046 solatiis
1600 2014 1734 2045 colorem
1758 2023 1851 2054 quem
1874 2013 1923 2044 in-

301 2068 427 2096 vaserat
450 2065 602 2096 inviolata
626 2065 817 2105 relinqueret
841 2069 873 2097 et
895 2076 990 2106 quam
1015 2075 1121 2097 seeum
1146 2066 1296 2098 attulerat
1317 2065 1524 2107 turpitudinis
1547 2065 1686 2107 speeiem
1709 2075 1770 2097 non
1788 2068 1920 2097 teneret.

306 2118 354 2155 Ἰ,12
394 2116 467 2147 l’ost
490 2116 734 2148 innumerabilia
756 2118 890 2149 vulnera
913 2117 1063 2149 membris
1088 2117 1233 2149 omuibus
1256 2117 1432 2149 instaurata
1455 2121 1504 2149 est
1526 2117 1607 2149 eutis
1629 2127 1708 2148 una:
1737 2117 1844 2148 vultus
1866 2116 1923 2148 ille

301 2167 447 2199 diuturna
477 2167 601 2199 deletus
632 2168 792 2200 sordidine
825 2179 883 2201 sua
907 2169 1011 2210 coepit
1034 2169 1158 2210 repingi
1180 2169 1321 2210 imagine
1345 2179 1404 2201 nec
1427 2168 1570 2210 agnosci.
1618 2169 1679 2200 Per
1701 2167 1922 2200 fidelissimum

388 2332 401 2355 2
422 2330 585 2363 ‹lineriis-arum
607 2334 631 2355 in
650 2340 728 2361 mur-y.
751 2332 808 2356 add.
827 2333 878 2355 11¹¹?
1004 2334 1018 2357 S
1039 2335 1081 2357 sed
1102 2347 1132 2351 —
1154 2334 1168 2357 9
1187 2336 1304 2364 operatus
1323 2332 1368 2366 sit]
1387 2334 1478 2363 gaudet
1497 2334 1571 2364 plane
1590 2336 1616 2357 et
1635 2334 1776 2357 sublimiter
1795 2335 1859 2356 term
1877 2340 1922 2356 ex-

303 2376 378 2403 ulmi,
408 2376 465 2404 quia
490 2376 603 2404 quamuis
623 2377 692 2405 plura
713 2376 804 2398 uiueus
825 2377 849 2398 in
870 2384 968 2406 corpore
989 2377 1105 2400 miracula
1124 2378 1228 2406 fecerit,
1256 2380 1279 2400 ct
1299 2384 1342 2406 ego
1362 2377 1407 2400 uix
1426 2384 1503 2407 pauca
1522 2384 1562 2400 mc
1581 2377 1697 2407 superius
1716 2376 1922 2406 comprehendere

301 2418 415 2447 ‹lixi-rim,
439 2419 570 2441 innumera
591 2422 672 2441 tamen
693 2423 808 2449 operatus
828 2422 865 2442 cst
889 2420 908 2442 V
1011 2420 1026 2443 9
1046 2423 1146 2443 aeterna
1166 2421 1191 2443 in
1212 2418 1310 2452 requie]
1329 2420 1349 2443 G
1458 2419 1487 2443 10
1507 2423 1534 2443 nt
1553 2420 1574 2442 si
1593 2419 1613 2442 G
1721 2419 1747 2442 ll
1770 2416 1922 2450 contingere]

301 2465 387 2483 cuncta
406 2468 468 2490 quae
488 2462 563 2489 gessit
583 2461 641 2484 add.
664 2462 681 2484 V
788 2461 816 2485 15
837 2463 983 2493 propri-‘inus
1003 2463 1033 2485 (1¹¹
1058 2463 1133 2493 (infra
1153 2464 1296 2494 propianus)
1406 2463 1435 2486 1?
1456 2461 1584 2495 quicquid]
1604 2462 1669 2493 quod
1692 2462 1711 2485 V
1822 2460 1851 2485 18
1870 2467 1921 2485 sor-

302 2502 361 2534 tem!
381 2508 469 2526 cuneta
488 2504 544 2527 add.
568 2505 605 2533 (ῑή
724 2506 842 2528 morituro
865 2507 885 2527 (ι’
1020 2506 1052 2529 20
1073 2513 1156 2529 neceni
1182 2507 1200 2528 ι’
1331 2505 1360 2530 21
1383 2504 1554 2538 tabernaculo]
1575 2506 1595 2528 G
1729 2504 1760 2528 22
1779 2506 1883 2534 exigens
1904 2503 1923 2526 V

302 2546 332 2570 23
353 2546 477 2578 ‚ubre-xiil
496 2548 525 2575 (ι’,
546 2547 579 2576 cf.
603 2548 642 2570 Ad
663 2548 794 2577 lustinum,
818 2549 882 2577 App.
908 2549 943 2577 11,
965 2550 1007 2577 66,
1029 2550 1111 2572 erexit
1132 2549 1170 2579 (V)
1332 2548 1364 2573 29
1384 2549 1510 2572 ciuitatem
1535 2548 1561 2571 1¹¹
1702 2545 1810 2580 apicem]
1828 2548 1920 2570 uirtute

301 2596 418 2617 ,nuptm-ivr.
445 2591 465 2610 ‘r'
576 2590 710 2623 pontius-is]
729 2592 889 2621 pontificatus
908 2593 1069 2616 bituricensis
1091 2593 1111 2614 Z
1131 2592 1234 2622 (Oteob.)
1342 2590 1485 2624 luminaria]
1504 2592 1591 2615 limina
1611 2592 1630 2614 Z
1651 2591 1768 2622 (onom,
1789 2590 1824 2620 cf.
1844 2590 1920 2614 Reiu-

302 2631 357 2653 lctm
375 2631 400 2660 p.
423 2632 498 2654 Xl'l!
682 2635 713 2655 550
733 2634 816 2667 anuis]
837 2634 924 2657 desinit
945 2637 1071 2664 quaternio
1094 2636 1122 2665 0,
1144 2637 1252 2665 sequitur
1271 2635 1300 2663 P,
1323 2636 1349 2658 in
1367 2642 1411 2665 quo
1430 2636 1480 2658 vila
1500 2634 1526 2658 S.
1548 2634 1686 2658 Sebastiam·
1705 2635 1793 2663 scripta
1812 2635 1846 2656 est
1868 2632 1887 2655 V

301 2672 425 2705 «li->soluitl
447 2676 466 2696 n
571 2677 601 2699 :³2
622 2675 688 2708 eum]
707 2684 823 2706 super-scr.
843 2677 894 2699 (ΗΡ
999 2678 1031 2700 35
1051 2679 1077 2702 in
1096 2685 1178 2701 curam
1198 2678 1259 2701 redit
1279 2679 1300 2700 A
1408 2676 1499 2710 ipsius]
1518 2684 1565 2701 om.
1587 2678 1608 2700 Α
1713 2677 1822 2700 ulcerosa
1841 2675 1919 2698 uarie-

303 2719 338 2737 tas
360 2716 393 2742 ’.1,
509 2719 540 2741 315
561 2719 703 2745 ιιιίμτιιιιοῐίῑ
725 2721 743 2741 Α
850 2720 880 2743 ΖΠ
901 2721 1022 2744 inuiolnte
1042 2721 1063 2743 Α
1170 2720 1202 2744 39
1222 2720 1340 2744 diuturna
1359 2721 1456 2744 deletus
1475 2718 1613 2754 sordidiue]
1635 2720 1664 2750 G,
1685 2720 1803 2744 diuturno
1822 2718 1919 2742 deletus

302 2759 386 2781 ordint:
408 2761 426 2781 :l

1948 683 1975 704 10

1947 941 1974 961 ¹⁵

1944 1198 1973 1219 20

1944 1456 1974 1477 25

1943 1715 1971 1735 3⁰

1943 1972 1972 1992 ³5
