2038 3036
223 766 266 797 lll

297 163 335 190 303
595 156 790 183 nl’vschA
812 152 1003 180 VENAN'rlo
1024 150 1252 178 FORTVNATO
1272 150 1374 178 MALE
1393 150 1618 179 ATTRIBVTA

295 254 451 285 sternitur.
482 251 583 282 t‘uiulit
608 260 728 290 preces.
758 247 895 288 suspiria
920 246 1104 286 ingeminat.
1132 245 1237 277 tundit
1260 246 1370 278 crebro
1387 246 1517 278 verbere
1534 250 1678 278 sanctuni
1695 251 1815 288 pectus,
1844 247 1924 288 petit

292 317 309 336 a
335 304 459 335 domiuo
485 301 568 342 quod
593 310 610 331 a
636 299 781 340 praeside
806 298 948 329 obtinere
972 296 1169 337 nequiverat.
1224 298 1252 336 (9
1291 296 1397 338 Digna
1420 297 1493 330 ilico
1517 307 1649 339 praeses
1670 297 1799 330 immitis
1817 308 1922 340 paena

294 355 491 397 percellitur.
527 362 598 382 naun
629 350 799 382 cathedrae
831 349 881 380 cui
911 348 1006 380 altior
1029 347 1192 380 insederat
1214 348 1302 380 miris
1326 353 1458 390 repente
1483 349 1586 381 modis
1609 348 1766 390 affigitur.
1803 349 1922 382 deserit

291 417 361 437 ossa
388 404 492 436 vitalis
517 403 605 434 calor
628 408 658 432 et
683 401 785 432 soluta
810 400 915 431 nervis
939 399 1116 439 rigentibus
1141 399 1282 431 membra
1306 400 1445 432 officium
1463 410 1524 440 quo
1539 400 1666 432 animae
1684 400 1923 433 famulabantur

291 457 448 488 amittunt.
517 457 550 484 1⁰
591 452 640 484 Ad
666 451 814 483 cellulum
840 450 1019 482 beatissimi
1043 450 1101 481 viri
1125 451 1336 484 concurritur.
1366 451 1406 482 ab
1431 451 1572 483 oratione
1597 452 1775 492 consurgit.
1804 451 1846 483 ad
1870 452 1920 483 t'o-
1943 465 1954 482 τ,

293 518 358 538 rum
391 504 600 547 progreditur.
658 503 764 534 sensit
794 501 964 533 adrentum
996 501 1054 533 w'ri
1086 511 1215 542 praeses
1245 512 1361 543 magna
1392 502 1454 534 iam
1487 503 1535 534 sui
1565 507 1654 544 parte
1686 507 1918 544 praemortuus.

292 558 407 590 Amissi
440 557 546 596 itaque
579 554 754 586 redduntur
783 563 897 585 sensus
928 557 959 584 et
988 552 1176 584 famulantia
1200 553 1311 585 usibus
1335 554 1402 585 suis
1426 553 1467 585 ad
1491 554 1632 594 vigorem
1657 554 1823 596 pristinum
1848 554 1922 586 red-

291 614 363 641 eunt
388 608 539 639 membra.
609 608 638 636 11
683 604 838 637 Redditur
861 615 937 643 ergo
962 604 1049 635 salus
1074 604 1226 645 praesidi.
1258 604 1323 636 vita
1348 604 1531 646 dampnato.
1558 610 1589 637 et
1613 605 1763 646 quicquid
1786 606 1837 638 vel
1863 605 1922 638 ad-

291 659 441 692 mittendo
472 659 525 689 ille
558 658 607 689 vel
642 657 690 688 hic
722 666 783 687 non
815 654 1005 687 dimittendo
1037 659 1239 687 contraxerat
1269 656 1323 697 pia
1353 655 1474 688 domini
1498 656 1702 688 miseratione
1726 656 1918 689 conceditur.

293 712 434 751 Denique
460 708 637 741 condonata
661 713 708 739 cst
733 717 784 739 reo
809 707 874 738 rita
899 716 969 738 cum
993 706 1135 739 crimine.
1163 716 1295 748 praeses
1319 707 1434 739 meruit
1456 708 1584 739 veniam
1608 717 1679 739 cum
1704 708 1820 740 salute.

398 764 431 792 12
472 761 540 791 Non
574 760 666 800 longo
699 764 766 800 post
796 763 937 799 tempore
968 758 1111 798 sequitur
1141 758 1235 798 longe
1267 758 1381 790 clarior
1411 758 1511 790 *irtus
1541 762 1572 791 et
1602 762 1690 791 tanto
1714 769 1773 801 par
1795 760 1919 792 merito.

292 815 367 845 Erat
398 822 523 853 nanque
550 811 636 843 haud
661 811 754 850 louge
779 810 819 841 ab
845 809 920 841 urbe
944 809 976 840 in
1001 809 1105 841 altiori
1130 809 1241 841 baside
1265 810 1409 842 eminens
1433 810 1676 842 simulachrum.
1712 820 1773 852 quo
1797 811 1830 843 in
1854 811 1922 843 loco

291 867 369 897 mira
401 864 567 903 gentilium
598 861 768 893 multitudo
799 860 1003 893 confluxerat.
1070 863 1118 898 ,113
1162 861 1274 902 Itaque
1306 871 1377 892 cum
1410 861 1588 893 daemoniis
1619 862 1778 903 pecudum
1810 872 1922 895 carnes

291 917 356 948 suis
387 916 525 947 moribus
557 915 647 946 litant
680 914 817 953 dumque
849 912 958 944 referti
989 912 1094 954 epulis
1125 912 1200 944 vino
1231 912 1319 953 pleni
1343 916 1437 944 cantu
1461 918 1681 955 perstrepunt.
1715 913 1921 946 beatissimus

291 968 438 1000 sacerdos
469 966 615 998 advenit.
651 965 825 1004 vidensque
857 964 1002 996 exultare
1034 963 1196 996 infelicem
1227 964 1352 1006 plebem
1384 964 1469 996 omni
1501 964 1586 996 luctu
1615 965 1754 1006 graviori
1783 965 1916 1005 laetitia,
1959 978 1971 996 :,

291 1020 420 1051 trahens
450 1018 490 1049 ab
521 1018 583 1048 imo
615 1020 740 1058 pectore
771 1016 866 1056 longa
897 1015 1051 1056 suspiria,
1086 1025 1142 1047 eos
1172 1025 1192 1047 a
1215 1015 1376 1056 sacrilegii
1399 1015 1497 1057 impio
1521 1016 1642 1048 scelere
1666 1016 1719 1057 pio
1742 1015 1921 1048 hortamine

291 1080 438 1102 revocare
471 1072 670 1110 pertemptat.
733 1069 779 1106 2¹⁴
826 1066 891 1099 sed
922 1076 1048 1108 semper
1078 1067 1182 1098 invisa
1213 1067 1363 1108 ignaviae
1394 1067 1536 1099 remedia
1567 1071 1641 1099 sunt
1669 1068 1799 1100 salutis.
1838 1078 1921 1108 quae

293 1122 390 1163 perire
421 1120 551 1152 arbitrio
581 1130 638 1151 suo
668 1129 763 1160 quam
792 1118 898 1150 alieno
922 1118 1041 1150 sei-vali
1065 1118 1198 1150 consilio
1221 1118 1342 1150 mavult
1366 1122 1397 1150 et
1419 1118 1547 1150 niodum
1578 1119 1703 1150 utilium
1726 1119 1769 1151 ad
1792 1119 1920 1151 modum

292 1173 462 1213 voluptatis
487 1171 659 1203 examinat.
691 1169 809 1201 blanda
833 1174 865 1202 et
888 1170 983 1201 noxia
1007 1180 1062 1211 pro
1086 1169 1180 1201 rectis
1203 1179 1241 1202 ac
1266 1169 1457 1201 necessariis
1481 1170 1590 1202 habet.
1642 1172 1703 1210 (15)
1731 1171 1821 1202 Totis
1845 1180 1921 1212 ergo

292 1225 403 1256 suroris
434 1223 570 1255 stimulis
601 1223 632 1253 in
662 1222 811 1253 iniuriam
841 1221 944 1253 sancti
974 1221 1034 1252 viri
1064 1221 1251 1253 seditiosum
1281 1221 1398 1262 vulgus
1428 1221 1563 1259 exarsit,
1597 1231 1669 1253 cum
1698 1222 1750 1264 pia
1781 1222 1837 1254 ille
1861 1222 1921 1254 ad-

293 1286 400 1308 versus
431 1275 612 1307 saevientes
636 1283 725 1304 arma
750 1273 924 1314 corripiens
948 1272 1064 1314 repetit
1087 1272 1251 1312 cellulam.
1289 1276 1393 1305 terrae
1416 1273 1640 1314 prosternitur.
1678 1272 1783 1305 fundit
1806 1274 1921 1306 uberes

291 1338 345 1368 pro
376 1326 519 1358 hostibus
551 1325 658 1357 fletus.
695 1324 871 1365 ingeminat
901 1334 957 1366 pro
987 1324 1125 1356 inimicis
1155 1324 1220 1356 alta
1245 1324 1400 1366 suspiria.
1434 1324 1514 1366 petit
1536 1328 1570 1356 ut
1594 1324 1662 1356 sine
1685 1334 1763 1357 nece
1787 1335 1844 1357 sua
1869 1325 1921 1357 vel

290 1383 374 1411 certe
398 1378 524 1419 propria
549 1376 760 1409 saevientium
786 1376 872 1407 furor
895 1375 1066 1408 decideret.
1120 1376 1179 1416 (162
1209 1375 1292 1407 Nam
1316 1375 1371 1407 ille
1395 1385 1456 1417 quo
1480 1380 1683 1408 coronaretur
1698 1377 1837 1418 optabat,
1865 1387 1921 1419 pro

291 1431 349 1462 hac.
383 1440 422 1461 ne
457 1429 642 1470 punirentur
676 1427 765 1468 impii
800 1427 852 1469 pia
889 1427 975 1468 apud
1011 1426 1248 1459 misericordem
1278 1436 1387 1468 regem
1417 1430 1491 1459 vota
1521 1427 1687 1460 fundebat.
1735 1428 1806 1460 Non
1836 1428 1920 1460 enim

291 1482 390 1513 minor
419 1480 516 1512 animi
546 1480 646 1511 ximus
677 1483 726 1511 est
757 1489 815 1520 pro
841 1479 967 1510 inimico
991 1488 1141 1511 exorasse
1166 1478 1327 1511 dominum
1351 1488 1447 1519 quam
1470 1479 1677 1520 procubuisse
1700 1489 1756 1521 pro
1780 1479 1916 1518 domino,
1960 1492 1971 1510 τ,

292 1543 346 1574 pro
376 1535 577 1573 persecutore
608 1531 732 1562 fudisse
761 1540 872 1572 preces
902 1540 998 1571 quam
1030 1530 1183 1562 effudisse
1207 1530 1347 1561 animam
1370 1530 1583 1563 innocentem.
1638 1533 1687 1570 [17
1726 1531 1802 1563 Post
1825 1531 1921 1572 longa

291 1586 396 1624 itaque
427 1583 564 1624 suspiria
599 1587 743 1614 sanetum
776 1583 908 1614 elevans
938 1585 1048 1623 caput.
1085 1582 1112 1613 si
1142 1582 1244 1614 nubes
1268 1581 1377 1622 aliqua
1401 1582 1442 1613 ah
1466 1582 1587 1614 oriente
1610 1586 1832 1623 consurgeret.
1866 1582 1921 1623 qui

292 1646 388 1677 prope
418 1635 544 1667 astabat
575 1644 706 1676 puerum
738 1634 967 1674 interrogabat.
1017 1633 1147 1664 Nullam
1170 1633 1224 1664 ille
1250 1643 1284 1665 se
1307 1633 1416 1665 ridere
1440 1633 1614 1675 respondit.
1663 1634 1784 1666 Rursus
1807 1634 1920 1666 beatus

292 1687 435 1728 pontifex
458 1690 560 1718 terrae
585 1690 760 1727 prostratus
784 1685 948 1726 ingemuit.
978 1688 1146 1725 erectoque
1170 1684 1284 1716 iterum
1308 1695 1327 1716 a
1350 1688 1433 1716 terra
1457 1685 1573 1726 capite.
1601 1685 1714 1717 eadem
1735 1695 1816 1726 quae
1832 1685 1920 1726 prius

291 1739 443 1769 famulum
476 1738 668 1769 sciscitatur.
704 1737 814 1769 videre
846 1746 879 1769 se
911 1740 945 1768 ut
977 1736 1065 1778 prius
1092 1736 1232 1768 famulus
1255 1740 1363 1777 negat.
1413 1736 1545 1777 Cunque
1568 1737 1659 1768 tertio
1683 1740 1794 1768 sancta
1816 1741 1920 1769 terrae

291 1790 433 1821 membra
456 1793 678 1831 prosterneret.
707 1798 786 1830 puer
810 1788 861 1820 eui
885 1788 1061 1820 iniunctum
1085 1787 1118 1819 id
1141 1788 1247 1829 operis
1272 1787 1378 1820 fuerat
1400 1788 1517 1820 nubem
1541 1789 1581 1820 ab
1597 1788 1718 1820 oriente
1734 1792 1920 1830 pertenuem

291 1841 504 1881 exiguamque
535 1840 636 1872 wideri
667 1840 789 1872 seilicet
817 1839 953 1872 credidit
982 1839 1067 1879 quod
1096 1839 1238 1871 futurum
1267 1839 1481 1881 praeviderat.
1535 1840 1591 1879 (18
1623 1840 1672 1872 Ab
1704 1840 1798 1872 humo
1827 1840 1920 1872 homo

291 1892 342 1924 (lei
373 1892 535 1932 consurgit
564 1896 595 1924 et
626 1892 750 1924 caelum
783 1891 822 1923 de
853 1901 915 1931 quo
945 1900 1106 1932 nunquam
1136 1894 1242 1923 mente
1265 1890 1413 1923 defuerat
1434 1891 1585 1923 intuetur.
1633 1891 1768 1932 Tegitur
1790 1895 1919 1933 repente

379 2022 388 2045 1
410 2020 560 2053 ingeminat]
582 2021 610 2047 Β,
632 2021 665 2049 cf.
690 2029 711 2045 r.
728 2022 767 2046 22.
792 2022 901 2049 geminat
922 2021 956 2045 M.
978 2021 1076 2051 gemina
1095 2022 1189 2044 emittit
1208 2021 1228 2044 L
1334 2020 1348 2044 2
1368 2021 1509 2050 praesidem
1527 2021 1649 2044 immitem
1668 2028 1746 2051 poena
1766 2021 1879 2051 percellit
1899 2020 1920 2044 1.

292 2066 305 2086 :5
326 2062 467 2096 cathedrae]
487 2065 513 2087 in
533 2064 648 2087 cathedra
668 2065 687 2087 L
820 2065 939 2092 affligitur
960 2063 979 2086 L
1111 2064 1126 2087 4
1146 2064 1210 2087 calor
1228 2070 1283 2087 ossa
1302 2064 1384 2087 uitalis
1403 2064 1425 2086 B
1560 2063 1574 2087 5
1593 2062 1717 2096 oratione]
1736 2067 1807 2095 pater
1826 2063 1883 2088 add.
1899 2064 1920 2088 L

293 2107 305 2130 7
326 2106 361 2138 et]
381 2115 428 2130 orn.
444 2107 465 2129 B
570 2105 611 2138 ad]
630 2108 654 2130 in
669 2108 689 2130 L
796 2106 810 2130 S
829 2106 895 2140 uita]
915 2114 955 2130 reo
971 2107 1028 2130 add.
1046 2107 1066 2129 B
1171 2108 1215 2130 ille
1235 2107 1388 2130 admittendo
1402 2107 1423 2130 L
1528 2107 1543 2131 9
1563 2105 1613 2139 pia]
1632 2113 1680 2131 om.
1698 2106 1719 2130 L
1826 2107 1856 2131 10
1875 2107 1919 2130 do-

293 2154 350 2172 nata
370 2150 390 2172 Β
495 2148 610 2182 crimine]
630 2153 654 2172 et
673 2150 730 2173 mid.
746 2150 765 2172 L
874 2150 900 2173 11
924 2148 1006 2182 longe]
1025 2157 1073 2174 οηι.
1094 2150 1115 2173 L
1222 2150 1252 2174 13
1272 2150 1406 2174 multitudo
1424 2151 1557 2179 gentilium
1577 2150 1717 2173 confluebat
1737 2149 1756 2172 L
1862 2150 1919 2173 dae-

293 2191 394 2224 moniis]
414 2193 533 2216 mortibus
554 2192 612 2216 add.
630 2192 660 2218 Β,
681 2193 843 2217 daemonibus
863 2193 880 2216 S
984 2200 1070 2216 earnes
1090 2194 1143 2217 suis
1162 2192 1282 2226 moribus]
1302 2194 1343 2217 uel
1363 2194 1416 2216 suis
1435 2194 1518 2223 potius
1538 2193 1659 2216 mortibus
1679 2193 1700 2215 Β
1807 2192 1837 2216 1-1
1856 2199 1919 2224 epu-

293 2234 336 2267 lis]
354 2242 378 2258 et
398 2235 456 2259 mid.
473 2236 492 2258 L
602 2235 632 2258 15
652 2236 747 2259 laetitia
762 2237 828 2259 nnini
843 2238 914 2260 luctu
928 2237 1033 2266 grauiori
1046 2236 1068 2258 Β
1177 2236 1206 2259 lo
1225 2237 1324 2260 trahens
1338 2249 1371 2253 —
1385 2234 1502 2268 suspiria]
1524 2236 1569 2259 Ov.
1585 2238 1640 2259 mel.
1657 2236 1692 2265 ΙΙ,
1710 2237 1767 2260 753.
1790 2235 1819 2266 X,
1835 2236 1886 2260 403

292 2277 333 2309 ab}
352 2286 399 2301 mn.
416 2278 437 2300 Β
559 2276 642 2310 longa]
660 2286 707 2302 orn.
724 2279 743 2302 L
873 2286 913 2302 eos
933 2287 945 2302 a
966 2280 1090 2308 sacrilegii
1108 2281 1184 2310 impio
1203 2278 1305 2312 scelere]
1325 2286 1338 2302 a
1358 2279 1480 2309 sacrilegii
1499 2279 1590 2302 scelere
1609 2285 1662 2302 eam
1681 2278 1701 2301 L
1806 2285 1919 2302 reuocare

294 2322 331 2350 pio
351 2321 486 2344 hortamine
507 2321 528 2344 B
649 2321 678 2344 17
699 2328 756 2344 sunt
777 2322 884 2345 remedia
905 2323 1018 2351 ignauiae
1038 2322 1058 2345 B
1173 2321 1273 2355 salutis]
1292 2329 1338 2346 om.
1355 2322 1378 2345 B
1491 2321 1520 2345 IS
1540 2322 1651 2345 alienum
1671 2328 1770 2345 seruare
1789 2321 1919 2345 consilium

294 2363 311 2385 l.
417 2368 441 2386 et
462 2364 562 2386 modum
583 2364 684 2387 utilium
703 2365 731 2387 ad
752 2363 864 2397 modum]
884 2365 941 2389 ML.
962 2366 1035 2389 imino
1055 2366 1114 2389 dum
1134 2366 1257 2389 utilitates
1277 2366 1357 2389 animo
1370 2365 1399 2389 B.
1422 2366 1446 2388 in
1467 2365 1566 2388 modum
1587 2365 1687 2388 utilium
1706 2365 1889 2388 incommodum
1902 2363 1920 2387 S

297 2407 324 2429 129
344 2408 469 2429 examinat
492 2405 591 2439 blanda]
611 2408 702 2430 nititur
721 2412 863 2438 retorquere
883 2408 1021 2438 blandaque
1042 2409 1061 2431 L
1174 2408 1205 2432 20
1225 2410 1251 2431 in
1271 2422 1303 2426 -—
1323 2406 1483 2440 seditiosum]
1502 2414 1550 2431 om.
1566 2408 1586 2431 L
1691 2414 1747 2431 cum
1766 2405 1817 2440 pia]
1837 2407 1879 2431 sed
1899 2407 1919 2431 L

293 2449 320 2472 21
344 2450 463 2478 arripi-fus
484 2450 502 2472 L
615 2450 646 2473 22
666 2449 752 2482 fletus]
773 2458 857 2480 preces·
879 2451 906 2474 L.
929 2451 962 2479 cf.
987 2451 1032 2475 Oc.
1054 2454 1107 2475 met.
1130 2452 1176 2476 XI.
1198 2452 1248 2475 672³
1354 2455 1381 2474 ut
1400 2464 1433 2468 —
1453 2450 1483 2474 23
1504 2450 1629 2474 decideret
1652 2450 1789 2480 {desisteret
1808 2448 1849 2483 δ’]
1867 2449 1916 2480 RS,

294 2493 343 2515 illi÷
365 2493 440 2514 nimiu
461 2494 502 2521 qui
522 2493 547 2515 iu
569 2499 653 2515 ner-cm
674 2500 742 2515 snam
763 2499 828 2517 certe
848 2494 994 2517 saeuiebant
1013 2495 1033 2517 L
1175 2495 1205 2518 23
1225 2494 1289 2524 quod
1310 2494 1329 2517 L
1465 2500 1508 2523 pro
1526 2491 1584 2525 hae]
1604 2493 1635 2523 B,
1657 2500 1700 2524 pro
1718 2493 1757 2517 his
1776 2493 1802 2523 S,
1824 2493 1879 2516 ideo
1899 2492 1918 2516 L

294 2536 323 2558 Ἠ
345 2536 384 2564 pia
404 2535 467 2564 apud
489 2536 671 2559 misericordem
691 2534 784 2568 regem]
806 2536 830 2560 S.
859 2537 925 2566 apud
951 2538 1136 2561 misericordem
1162 2544 1244 2567 regem
1270 2538 1310 2567 pia
1330 2537 1360 2565 B,
1387 2537 1427 2567 pia
1451 2536 1516 2566 apud
1541 2537 1733 2560 misericordiam
1751 2536 1844 2560 domini
1864 2536 1884 2560 L

295 2585 340 2600 uon
361 2591 393 2594 —
413 2579 444 2601 2⁸5
465 2576 633 2610 innocentem]
653 2587 700 2602 (stru.
719 2579 739 2601 B
864 2579 894 2602 27
915 2578 1039 2612 sanctum]
1059 2580 1097 2603 s&
1116 2580 1147 2603 131
1253 2578 1286 2612 si]
1305 2579 1368 2603 uidit
1388 2581 1460 2609 quasi
1480 2579 1501 2601 B
1606 2586 1760 2610 puerumque
1779 2580 1824 2609 qui
1843 2585 1918 2610 prope

294 2622 403 2643 i-tinerat
425 2622 557 2649 interrogat
572 2621 592 2643 B
698 2621 729 2645 25
750 2622 844 2645 nnllam
860 2620 914 2654 ille]
928 2622 976 2646 SL.
1000 2623 1021 2646 si
1041 2626 1065 2646 et
1084 2624 1138 2653 ipse
1158 2630 1230 2653 quam
1251 2623 1395 2646 intuebatur
1407 2622 1516 2645 uideret.
1538 2623 1579 2645 ille
1593 2622 1687 2645 mulam
1702 2622 1724 2645 B
1827 2621 1860 2646 29
1878 2623 1917 2645 ln-

295 2662 398 2694 :vmuitl
414 2664 460 2686 Lx.
482 2665 615 2694 »ιι-1111111111
632 2664 651 2686 R
757 2663 859 2697 iterum]
874 2665 900 2689 L.
924 2666 982 2688 item
997 2665 1023 2689 S.
1045 2672 1091 2688 om.
1108 2665 1130 2688 B
1236 2666 1267 2689 30
1287 2662 1420 2697 famulum]
1439 2673 1451 2687 a
1468 2665 1560 2688 famulo
1575 2665 1595 2688 L
1701 2672 1726 2687 se
1746 2677 1778 2682 —-
1798 2663 1829 2688 32
1848 2670 1918 2694 pree-

296 2704 403 2737 uidernt]
423 2707 515 2728 wilh-et
537 2716 562 2729 >e
583 2707 696 2730 rredebat
716 2707 779 2737 quod
800 2708 914 2730 futurum
935 2708 1090 2737 praeuiderat
1103 2708 1124 2731 L
1231 2707 1262 2731 3⁴2
1282 2708 1372 2731 uidens
1386 2707 1408 2730 B
1513 2706 1620 2740 scilicet]
1640 2707 1663 2736 S,
1685 2714 1732 2732 om.
1750 2707 1772 2730 Β
1875 2707 1916 2730 l'u-

295 2747 387 2779 ini-um]
409 2754 507 2771 *aliems
527 2753 631 2771 anit—ivs
652 2749 709 2772 add.
728 2749 748 2772 12·
855 2750 924 2773 hoino
943 2763 976 2768 -—
995 2750 1027 2774 33
1047 2749 1108 2783 quo]
1127 2758 1182 2781 ergo
1196 2751 1237 2774 dei
1250 2751 1322 2774 honio
1335 2758 1485 2781 cciisnrgens
1499 2754 1523 2774 et
1537 2751 1632 2775 caelum
1645 2752 1684 2774 cui
1698 2750 1718 2773 L
1823 2749 1855 2773 33
1874 2750 1916 2772 ab·

294 2794 343 2811 vra(
365 2790 392 2812 H.
414 2791 492 2812 deruit
515 2791 532 2812 Ι.

1944 720 1972 739 to

1940 1234 1970 1254 20

1940 1749 1969 1768 uo
