2038 3036
479 101 499 126 Ι.
528 99 644 126 INDEX
663 101 940 128 GRAMMATIOAE
960 104 1007 129 ET
1027 104 1280 131 ELOOV'I'IONIS.

107 195 183 223 cipari
203 202 258 217 cum
279 196 361 217 sancto
380 195 488 224 apostolo
524 202 579 224 app.
602 195 642 218 27.
660 196 672 219 4
693 198 717 219 ot
736 204 866 220 commune

107 230 197 251 bonum
217 229 378 257 participetur
395 236 462 251 amor

71 263 229 292 participium
252 262 302 291 fut.
324 265 370 285 act.
393 270 436 291 pro
455 263 587 291 yerzmdivo
611 262 701 294 [praes.
727 264 733 287 1
756 265 864 287 celebra-

107 299 162 319 tura
181 309 211 313 —
232 297 353 319 laudanda
371 304 420 319 non
438 299 499 319 rec-te
517 297 549 319 ad
567 296 722 329 sententium]
750 300 828 327 praes.
850 299 865 321 6

105 333 146 353 aut
172 331 312 353 intimorum
339 331 439 354 auribus
466 334 547 354 tecum
575 332 711 354 amicaliter
738 333 864 355 conlatura

106 366 245 387 committas
270 366 310 387 vix
335 367 395 387 recte
433 365 453 387 V
473 365 501 393 6,
528 365 557 387 10
577 366 699 395 incipiens
724 373 767 393 ego
793 373 864 395 opere

105 402 203 428 propter
225 400 365 421 absoluturo
390 399 462 427 ligari
491 399 566 427 (locus
584 402 721 428 corruptus,
747 402 768 422 et
787 401 862 423 absol.

104 434 185 462 potius
204 433 235 456 ad
253 435 376 462 captivum
393 434 497 461 pertinet
516 435 595 456 activa
614 435 808 464 siynificutione,
829 435 861 463 cf.

105 467 197 496 adnot.)
238 467 260 489 X
279 467 303 495 4,
325 467 339 489 2
359 467 496 497 producens
522 470 616 496 partem
642 475 673 490 ex
699 471 767 491 utero
786 471 864 491 trans-

105 502 207 524 miseras
226 502 295 530 quasi
316 502 340 523 in
360 504 441 523 nostro
460 502 550 530 gremio
569 504 724 530 recepturum
760 510 816 532 app.
842 502 861 531 1,

105 535 136 558 24
156 542 200 558 nec
219 536 268 558 sibi
288 536 379 558 visuris
398 542 438 557 ora
456 537 547 558 referre
565 536 625 559 locis

72 583 101 586 —
120 571 252 598 praesentis
278 570 387 592 neutrali
410 570 587 599 siynificatione
619 571 639 592 V
662 569 688 598 1,
714 570 722 593 1
745 574 864 599 perpetuo

104 606 217 627 servante
236 604 348 626 mandato
385 604 399 626 2
419 611 493 633 parva
512 605 634 626 nubecula
652 605 788 627 madidanti
813 605 864 627 vel-

104 638 152 660 lere
167 640 301 660 uuiectarer
322 638 380 667 (VM
394 639 417 660 ΙΙ
432 638 471 665 26)
512 638 533 660 V
547 638 570 667 5,
587 638 615 660 21
638 639 759 661 extollens
778 640 863 661 cerxix

100 671 115 694 6
131 679 204 694 carm.
225 672 256 694 30
275 672 377 700 hymnos
395 673 460 694 unde
479 672 524 694 deo
537 672 621 701 loquor
634 673 776 695 absolvente
793 676 862 695 reatu

102 706 137 728 VI
160 705 193 733 1³,
218 705 246 728 17
266 713 321 728 cum
341 707 373 729 sit
394 707 494 728 victoria
513 707 608 728 iactans
645 707 706 729 VIII
726 707 754 735 3,
777 706 808 729 34
828 708 862 729 si-

102 740 151 762 mul
171 741 324 763 consociante
338 741 427 763 Thecla
447 740 491 769 (cf.
508 741 541 763 lx
556 740 580 768 2,
596 740 628 763 00
647 743 671 763 10
690 742 797 763 sociante
817 742 863 763 sibi

100 781 168 803 spur.
187 774 209 803 1,
225 773 281 803 275)
323 775 356 796 lx
373 774 395 803 1,
414 774 460 797 116
479 777 504 797 01
520 775 592 797 liceat
606 775 666 797 solio
681 776 863 804 multiplicante

100 809 148 830 frui
186 809 207 830 X
227 808 251 838 3,
268 808 281 831 3
302 809 405 831 hederae
425 809 535 837 corymbo
554 810 677 838 crispante
713 810 749 831 XI
764 808 786 837 2,
804 809 818 832 6
838 809 876 832 te*

100 842 194 865 celante
213 843 275 865 mihi
294 845 342 865 stat
360 843 414 865 sine
428 843 477 865 sole
491 843 543 865 dies
580 850 635 872 app.
655 843 676 871 1,
692 843 722 865 87
743 845 861 866 umbran-

100 877 134 899 tia
154 889 185 892 -—
205 880 274 899 antra
311 876 335 905 23
351 876 382 899 89
402 878 483 906 rigans
503 878 609 899 lacrimis
646 877 692 899 VM
712 878 721 899 1
739 877 784 900 150
804 885 862 907 pas-

101 917 159 933 cens
179 911 303 934 radicibus
322 911 410 934 herbae
448 910 547 933 111235
567 912 722 941 pedibusque
737 912 860 935 volutans.

99 958 132 961 —
150 944 184 973 cf.
206 952 295 974 angere
314 946 462 975 participare
480 946 524 968 ull.

65 993 98 996 ——
114 980 216 1009 perfect.
242 979 369 1002 verborum
392 980 496 1003 neutrul.
523 979 618 1008 formae
641 981 735 1002 actione
765 980 797 1008 cf.
820 981 862 1003 ad-

99 1020 191 1042 pensus
211 1013 327 1036 decursus
347 1017 479 1043 suspectus
498 1017 653 1037 transcursus

66 1061 99 1065 -—
122 1047 275 1070 absolutum:
301 1055 346 1077 pro
371 1048 441 1071 verbo
466 1049 533 1079 (inito
558 1049 595 1070 «vec
620 1048 727 1071 ablativo
751 1048 862 1071 absoluto

100 1083 176 1111 praef.
204 1081 218 1104 2
245 1082 288 1104 hoc
313 1083 426 1105 nesciens
453 1089 524 1105 avara
550 1089 612 1104 mors
638 1083 734 1105 auferre
774 1083 787 1105 5
812 1083 862 1105 sola

99 1123 172 1145 saepe
196 1117 338 1139 bombicans
363 1117 475 1140 barbaros
500 1117 585 1139 leudos
604 1124 661 1146 arpa
680 1117 787 1139 relidens
822 1118 860 1139 III

99 1150 122 1179 6,
145 1149 176 1173 26
202 1157 258 1180 spes
284 1151 309 1173 in
335 1151 448 1180 utrisque
473 1158 574 1173 manens
600 1158 641 1180 pro
667 1151 793 1178 religionis
815 1158 860 1181 ope

98 1185 134 1207 IV
156 1184 200 1213 10,
222 1184 234 1207 7
256 1185 372 1208 nobilitas
392 1185 469 1208 altum
489 1185 583 1208 ducens
602 1186 631 1207 ab
656 1186 748 1213 origine
772 1192 859 1208 nomen

99 1218 140 1247 26,
161 1218 192 1241 83
216 1219 258 1241 sed
277 1222 344 1242 casta
364 1220 456 1249 pietate
476 1226 578 1242 manens
598 1220 652 1242 sine
672 1220 776 1242 crimine
796 1220 860 1242 vitae

98 1253 120 1275 V
142 1252 162 1281 1,
187 1252 216 1275 10
235 1253 377 1282 supplicans
397 1254 431 1283 cf.
454 1261 529 1282 supra
565 1253 594 1281 5,
615 1253 644 1276 21
667 1254 789 1277 extollens
808 1261 860 1276 cer-

98 1287 139 1310 vix
158 1287 252 1310 domini
271 1288 330 1316 iuga
348 1288 411 1310 serre
430 1295 562 1317 recusans,
591 1288 627 1310 sic
645 1288 749 1310 tumidis
769 1289 861 1312 animis

98 1324 180 1349 turget
200 1322 272 1344 inane
292 1323 357 1345 cutis
394 1322 417 1351 6,
436 1321 465 1345 10
486 1323 609 1352 incipiens
623 1329 666 1350 ego
684 1335 718 1338 —
737 1323 807 1351 ligari
821 1326 859 1345 at-

97 1363 145 1385 que
163 1358 257 1378 mutata
277 1356 329 1378 vice
347 1369 382 1373 —-
400 1363 438 1378 me
458 1359 543 1379 catena
562 1358 702 1385 constringo
742 1356 768 1379 11
793 1358 861 1380 inter

98 1390 158 1412 haec
182 1390 244 1413 illud
270 1397 308 1412 me
334 1397 488 1413 commovens
525 1391 586 1413 VIII
606 1390 630 1419 3,
654 1390 701 1413 146
722 1391 859 1420 producens

98 1424 216 1447 Thomam
235 1431 325 1448 munus
345 1424 440 1448 Edessa
458 1426 527 1454 pium
560 1424 607 1448 328
628 1425 739 1454 pendens
775 1424 829 1455 12³,
845 1425 858 1448 2

97 1465 170 1481 causa
189 1471 220 1475 —
241 1465 282 1482 vos
301 1459 394 1481 habens
431 1459 466 1481 IX
480 1459 504 1487 2,
523 1458 568 1482 127
589 1461 689 1482 utentes
709 1460 807 1481 niveam
827 1473 858 1475 —

97 1493 185 1522 pallam
203 1493 205 1524 Ι
228 1500 428 1523 purpureamque
447 1496 527 1522 togam
546 1493 642 1522 fulgida
662 1500 723 1515 zona
742 1494 801 1522 ligat
838 1494 859 1516 X

98 1526 122 1555 6,
143 1526 174 1549 43
195 1528 327 1549 fanaticam
346 1528 433 1556 pinum
453 1530 553 1551 sanctus
573 1528 700 1550 succidere
719 1534 823 1556 cogens,
855 1527 858 1559 Ι

96 1561 191 1583 iustum
211 1561 246 1583 ibi
265 1562 396 1591 supposuit
414 1563 506 1584 rustica
525 1563 595 1584 turba
616 1563 693 1591 premi
730 1561 767 1590 12,
785 1562 799 1584 5
820 1562 858 1584 hic

98 1595 174 1624 igitur
198 1609 230 1612 ——
257 1596 317 1618 flens
337 1603 357 1619 e.
379 1603 401 1625 q.
422 1603 441 1619 s.
481 1596 528 1619 VM
547 1597 623 1626 praet.
647 1596 660 1618 5
674 1603 708 1625 sq.
731 1596 808 1619 volvit
827 1610 858 1613 —

97 1632 196 1652 tument
213 1643 247 1646 -—
265 1630 365 1659 rapiens
383 1643 416 1646 ——
435 1631 539 1660 crepitat
577 1631 586 1653 I
607 1630 656 1653 200
682 1638 724 1660 pro
748 1631 859 1653 mercede

98 1670 201 1686 manens
220 1664 279 1687 haec
298 1665 460 1694 compensatis
497 1664 555 1688 279.
577 1664 635 1688 33-1.
658 1664 706 1687 352
729 1672 774 1687 nec
793 1665 860 1687 furor

98 1700 155 1721 ante
180 1699 255 1720 animi
281 1699 398 1728 periens,
427 1699 475 1721 nisi
501 1700 573 1722 verba
592 1699 717 1728 perissent
753 1700 790 1722 III
810 1698 858 1722 370

98 1732 134 1755 IV
152 1731 192 1755 94.
219 1746 253 1749 -
275 1740 319 1761 pro
340 1734 460 1756 sententia
479 1734 604 1762 temporale·
622 1734 646 1756 II
667 1733 706 1762 16,
730 1733 776 1757 135
796 1740 859 1756 mors

98 1769 123 1789 et
141 1767 206 1795 origo
225 1767 299 1789 simul
319 1767 407 1790 misero
426 1768 545 1797 processit
564 1768 592 1790 ab
611 1767 672 1797 alvo,
697 1766 700 1800 Ι
721 1768 858 1791 extinctam

98 1807 218 1829 generans
242 1804 319 1824 mater
341 1802 430 1824 anhela
455 1808 555 1824 manum
581 1802 606 1830 (i.
627 1808 647 1825 e.
669 1802 727 1824 dum
747 1803 855 1830 generat)

98 1836 119 1858 V
134 1835 156 1863 6,
175 1836 187 1858 7
207 1835 365 1858 considerans
385 1836 535 1858 versiculum
574 1835 601 1858 17
622 1836 760 1859 tribuentes
779 1836 859 1866 petita

98 1869 145 1891 VM
165 1870 176 1891 Ι
197 1868 228 1892 78
241 1876 275 1899 sq.
299 1868 330 1892 88
343 1877 375 1899 sq.
397 1869 445 1893 226
466 1878 514 1899 quo
533 1877 600 1893 sacer
626 1877 729 1893 exorans
751 1871 856 1899 tumulo,

99 1904 155 1926 salit
174 1904 260 1926 umbra
279 1904 407 1934 sepulchro
432 1905 455 1927 11
478 1904 516 1927 17.
537 1918 571 1921 —
589 1905 660 1933 quasi
678 1907 746 1927 extra
765 1907 859 1927 senten-

100 1939 147 1960 tiae
166 1940 314 1961 structuram
331 1939 439 1967 positum
463 1939 474 1961 I
494 1938 518 1968 6,
542 1938 570 1961 17
590 1946 603 1961 a
627 1939 699 1968 longe
723 1939 858 1962 adveniens

100 1972 156 2001 (pro
175 1972 326 2001 advenienti)
352 1973 421 1995 oculo
447 1974 544 1995 vicinus
563 1973 667 1995 habetur
703 1974 727 1995 II
749 1973 787 2003 16,
811 1972 855 2000 17,

97 2007 135 2029 111
148 2006 172 2035 6,
188 2006 219 2029 34
239 2007 380 2036 despiciens
398 2007 466 2030 aliud
484 2007 528 2030 hoc
547 2010 599 2030 erat
617 2008 695 2030 omnis
714 2014 779 2030 amor
800 2007 859 2036 (non

99 2040 327 2069 interpunyemlum)
366 2041 400 2063 IV
419 2042 446 2070 0,
470 2040 500 2064 19
522 2042 551 2064 ad
570 2048 644 2070 quem
662 2049 757 2071 pauper
775 2048 853 2071 opem,

98 2075 207 2104 pretium
232 2076 343 2105 captivus
368 2076 488 2105 habebat,
518 2076 562 2099 hoc
588 2076 713 2105 proprium
739 2078 857 2106 reputans

98 2109 162 2138 quod
175 2109 287 2139 capiebat
300 2116 375 2138 egens
413 2109 450 2139 12,
469 2109 496 2133 11
518 2110 560 2132 sed
574 2110 677 2138 coniuge
690 2112 768 2139 rapta,
790 2112 857 2132 stans

99 2144 126 2166 in
144 2150 225 2166 amore
244 2143 292 2172 dei,
314 2150 362 2166 non
381 2144 431 2166 fuit
448 2144 509 2167 alter
527 2151 592 2167 amor
624 2144 662 2172 16,
681 2143 710 2167 12
729 2145 858 2167 sufficiens

99 2178 205 2207 propriis
224 2178 293 2200 nulla
309 2178 393 2208 rapina
412 2179 460 2201 fuit
479 2185 498 2202 e.
522 2186 544 2208 q.
565 2185 583 2202 ε.
623 2177 664 2204 21,
688 2178 714 2201 11
736 2179 773 2201 nil
792 2185 857 2201 mer-

99 2212 165 2235 cedis
184 2219 258 2241 egens
278 2219 370 2235 merces
389 2213 439 2235 ruit
457 2219 507 2235 una
525 2213 612 2235 salutis
650 2212 697 2241 23,
719 2212 733 2235 9
758 2219 858 2242 pascere

101 2253 126 2269 se
145 2246 246 2269 credens
258 2246 385 2270 Christum
399 2247 445 2269 sub
458 2254 567 2276 paupere
580 2247 664 2275 forma,
683 2244 687 2277 Ι
704 2249 761 2270 ante
774 2254 858 2269 omnes

99 2280 164 2309 apud
189 2281 255 2303 huuc
280 2282 388 2310 sumpsit
408 2288 503 2310 egenus
522 2288 591 2310 opem
630 2281 652 2303 V
671 2280 694 2311 6,
717 2281 731 2304 6
752 2281 782 2304 de
801 2288 858 2303 con-

100 2314 190 2345 pendio
215 2315 324 2343 cogitans
346 2328 380 2331 —
403 2315 465 2338 illud
489 2318 555 2338 certe
575 2317 690 2338 metuens
726 2315 761 2338 VI
784 2315 806 2343 1,
828 2314 859 2338 76

100 2349 162 2371 VIII
184 2348 205 2377 1,
227 2348 257 2372 27
288 2349 325 2372 IX
344 2349 367 2378 9,
391 2349 404 2372 7
435 2349 459 2372 X
479 2350 503 2378 6,
525 2349 564 2373 33.
587 2349 618 2372 35
654 2350 691 2372 XI
712 2349 734 2378 1,
759 2349 768 2372 1
791 2356 859 2372 sum-

100 2390 164 2406 mam
183 2383 259 2406 totius
279 2384 337 2406 fidei
355 2383 487 2406 catholicae
506 2386 665 2407 recensentes
685 2391 704 2407 e.
727 2392 749 2413 q.
771 2390 789 2407 s.
830 2382 860 2406 12

100 2417 172 2440 cuius
190 2418 293 2446 figuram
311 2418 382 2441 Iesus
400 2425 488 2446 gerens
507 2431 542 2434 —
559 2421 653 2441 certum
672 2421 710 2441 est
728 2418 860 2440 induxisse

101 2458 157 2481 app.
179 2451 219 2480 34,
241 2451 272 2474 23
308 2452 358 2474 VM
383 2453 407 2474 II
426 2451 475 2475 410
501 2453 543 2475 sed
568 2459 634 2475 mora
659 2452 774 2475 Christus
799 2454 857 2480 erat,

101 2485 222 2508 famulans
241 2486 289 2508 sibi
308 2489 379 2508 nocte
397 2487 486 2515 dieque

68 2533 101 2536 —
116 2526 161 2548 pro
180 2520 298 2550 infinitivo
328 2520 363 2542 IV
382 2520 422 2550 28,
444 2520 459 2543 9
478 2521 548 2543 docta
567 2523 656 2544 tenens
675 2521 786 2549 calamos,
808 2520 861 2549 api-

102 2561 141 2576 ces
160 2561 257 2583 quoque
276 2555 350 2583 figere
369 2555 409 2577 filo
445 2555 493 2577 V11
512 2554 552 2584 15,
567 2555 581 2578 5
600 2562 645 2584 per
664 2557 756 2577 vestras
776 2554 862 2584 epulas

101 2588 176 2610 didici
194 2589 289 2611 ieiunia
307 2592 406 2617 gestans

66 2623 203 2651 participiis
227 2624 394 2652 interpositum
418 2623 517 2646 verbum
541 2623 638 2653 finitum
662 2623 698 2646 IX
720 2622 742 2651 1,
765 2622 812 2646 120
825 2629 860 2651 sq.

103 2657 197 2686 pollens
215 2670 248 2673 —
267 2657 365 2686 placens
387 2654 391 2689 Ι
413 2658 528 2680 omnibus
547 2658 672 2680 excellens
691 2657 785 2680 meritis
803 2669 837 2673 ——
858 2655 861 2687 Ι

103 2693 176 2720 atque
195 2697 281 2713 serena
299 2698 343 2714 suo
361 2692 442 2719 fulget
461 2692 489 2714 ab
508 2698 548 2714 ore
567 2691 636 2720 dies,
660 2691 664 2722 Ι
686 2692 752 2719 regia
777 2698 863 2719 magna

103 2725 179 2748 nimis
197 2732 311 2748 curarum
330 2726 436 2755 pondera
454 2728 554 2755 portans
570 2731 590 2749 e.
606 2734 627 2754 q.
643 2733 663 2748 s.
701 2725 749 2747 VM
769 2725 794 2747 II
814 2724 861 2748 223

1623 110 1677 137 ζ111

932 198 1035 226 (Clarus)
1057 199 1191 222 Martiunm
1211 201 1363 229 amplectens
1383 214 1415 217 ——
1441 208 1484 223 sua
1503 203 1590 223 cuncta
1609 202 1685 224 relin-

927 239 1013 261 quens,
1033 231 1035 264 Ι
1053 236 1161 263 tempore
1175 234 1267 263 quique
1281 235 1349 256 brevi
1362 235 1495 257 11110011-
1510 233 1513 266 Ι
1530 243 1584 257 cum
1598 242 1616 258 e.
1631 244 1651 265 ᾳ,
1665 244 1683 260 s.

893 267 1049 295 participium
1062 274 1116 289 cum
1129 269 1283 290 coniunctim
1297 269 1420 291 alternans
1448 270 1467 291 V
1481 269 1504 297 6,
1521 270 1535 291 8
1555 270 1686 292 attendens

927 307 990 329 quae
1010 302 1103 323 suerint
1116 304 1225 330 tempora
1239 303 1397 331 redemptoris
1416 316 1448 319 —-
1468 304 1618 332 totidemque
1633 311 1687 326 ver-

927 334 1013 357 siculis
1032 338 1141 357 texerem
1161 342 1258 358 carmen
1278 340 1337 365 quot
1357 337 1446 359 litteris
1468 338 1516 367 (sed
1532 337 1686 360 scribendum

929 368 1021 390 uidetur
1040 370 1220 398 attendensque
1239 377 1302 399 quae
1321 371 1337 393 f.
1359 384 1393 387 ——
1411 372 1513 393 totidem
1527 379 1549 394 v,
1565 379 1585 394 e.
1601 380 1623 401 q.
1638 374 1682 400 s.].

927 409 982 424 cuni
995 405 1112 425 sententia
1124 405 1227 426 'relatiua
1249 404 1269 426 V
1284 404 1306 431 5,
1323 406 1337 427 3
1351 405 1475 434 inspirans
1489 406 1599 428 animum
1617 419 1657 433 —,
1681 405 1684 436 Ι

926 438 951 457 01
970 437 1023 458 siue
1043 444 1090 465 quo
1109 438 1204 459 nullum
1223 439 1349 467 praevalet
1368 446 1421 461 esse
1441 440 1540 468 bonum,
1565 438 1568 471 Ι
1592 440 1685 462 lumine

927 471 1057 499 perspicuo
1077 472 1210 493 fecundans
1229 479 1248 495 e,
1264 480 1286 501 q.
1302 480 1320 495 ⁸.

951 511 1006 525 cum
1034 505 1103 527 verbo
1130 507 1246 528 auxiliari
1273 508 1427 529 coniunctum
1453 515 1497 536 pro
1524 508 1593 530 *verbo
1619 509 1687 538 finito

928 537 972 559 vll
997 537 1034 565 14,
1050 538 1081 560 30
1102 539 1193 561 xis-cera
1213 541 1362 563 conturbans
1383 541 1463 563 Eurus
1482 544 1507 563 et
1525 542 1616 564 Austcr
1634 545 1685 564 erat

928 571 988 593 VllI
1012 571 1034 599 1,
1058 572 1086 594 61
1114 574 1211 602 palpata
1231 581 1274 596 nec
1294 581 1409 603 umquam
1436 572 1439 606 Ι
1465 576 1492 597 111
1511 583 1563 597 caro
1601 577 1622 598 11
1646 576 1683 604 lli,

930 604 974 627 150
995 613 1037 634 per
1061 606 1164 629 biduum
1190 609 1310 630 recubans
1335 611 1393 630 ante
1418 609 1546 638 sepulchra
1570 611 1627 632 suit.
1653 623 1686 626 ἠ

926 640 957 668 cf.
981 647 1082 662 manens
1102 641 1143 663 au.

892 674 978 702 partiri
1009 674 1057 695 VM
1077 675 1087 696 I
1107 674 1139 697 60
1160 675 1222 697 inter
1241 678 1359 705 utrosque
1378 677 1462 705 inopes
1482 678 1587 705 partitur
1607 678 1686 700 servor

925 710 951 729 et
969 708 1034 736 algor

891 748 975 770 parum
1008 742 1041 764 Vl
1064 741 1108 771 10,
1130 742 1156 764 31
1182 743 1243 765 duco
1266 743 1325 772 (dico
1345 743 1425 770 codd.)
1448 751 1532 773 parum
1553 745 1682 774 propriam,

925 776 970 797 tibi
990 776 1048 798 dum
1069 777 1122 799 volo
1142 777 1204 799 ferre
1225 778 1329 799 salutem

892 809 966 831 Parus
986 810 1071 833 Parius
1100 811 1134 832 lx
1157 810 1200 839 10,
1226 810 1255 833 10
1275 811 1359 840 phario
1378 814 1426 840 opt.

924 851 978 865 rum
998 844 1066 867 codd.

890 884 989 907 pascere
1012 878 1110 908 (cibum)

1469 811 1506 841 15,
1533 812 1539 834 1
1563 813 1621 835 ¹:0¹1ss
1640 813 1685 835 Pa-

1144 879 1191 900 VII
1212 879 1238 907 S,
1261 878 1275 901 S
1297 886 1341 901 nec
1359 880 1465 902 adflictis
1485 880 1595 909 pascitur
1613 888 1685 903 ervus

890 919 1078 1003 ρ3ξιί11131δν1ἒ,
1103 946 1148 969 113
1168 947 1270 976 paschae
1308 948 1369 969 VIII
1389 946 1420 975 9,
1445 947 1481 970 15.
1506 961 1539 964 -
1564 949 1686 977 paschalia

925 980 1002 1009 113,
1044 980 1048 985 ¹

890 1014 972 1036 Patavi
991 1016 1111 1038 nominat.
1134 1015 1195 1037 VlIl
1215 1014 1238 1044 3,
1263 1015 1308 1038 169

890 1049 996 1077 patesci:
1025 1050 1102 1077 praef.
1125 1048 1139 1071 3
1159 1056 1203 1071 nec
1222 1052 1319 1072 tantum
1344 1050 1377 1072 sit
1399 1050 1568 1079 exprobrabile
1596 1052 1684 1073 nesciri

923 1083 985 1111 quod
1006 1082 1103 1105 horreat
1122 1090 1195 1112 quam
1214 1085 1309 1112 patcsci
1329 1084 1392 1113 quod
1412 1088 1467 1106 urat

889 1117 1025 1145 patriarcha
1044 1119 1136 1145 passim

889 1151 1006 1180 patricius
1038 1152 1085 1174 V11
1108 1151 1134 1174 11
1157 1152 1193 1174 tit.
1216 1151 1244 1173 ad
1264 1152 1377 1174 Iovinum
1398 1152 1443 1175 inl.
1464 1159 1491 1174 ac
1510 1153 1640 1181 patricium
1661 1156 1685 1176 et

922 1188 1039 1208 rectorem
1059 1186 1199 1215 provinciae
1236 1186 1297 1208 VIII
1317 1186 1339 1215 3,
1364 1186 1410 1209 lso
1436 1186 1482 1208 VM
1502 1187 1537 1209 111
1558 1187 1588 1210 52
1609 1188 1685 1217 patri-

922 1220 967 1242 ciis
987 1220 1082 1242 mixtus
1101 1221 1226 1248 generosis
1246 1221 1438 1249 consulibusque

888 1254 998 1282 pecualis
1026 1254 1047 1276 X
1067 1254 1090 1281 3,
1115 1253 1123 1276 1
1148 1254 1204 1276 viris
1224 1254 1409 1277 delicatissimis
1428 1255 1492 1277 cibos
1512 1255 1619 1283 ingeram
1640 1262 1683 1284 pe-

922 1288 1004 1310 cuales
1041 1288 1087 1310 VM
1108 1289 1131 1310 II
1154 1287 1199 1311 146
1219 1289 1315 1317 pecuali
1335 1292 1405 1318 capta
1423 1290 1536 1311 ministro

888 1323 1020 1351 peculiaris
1040 1323 1198 1351 peculiariter
1228 1323 1265 1345 III
1288 1322 1308 1351 1,
1331 1322 1344 1345 3
1365 1323 1462 1346 domine
1481 1326 1564 1345 sancte
1583 1326 1608 1345 et
1627 1331 1682 1352 apo-

922 1357 1016 1385 stolice,
1042 1357 1172 1385 peculiaris
1192 1357 1279 1379 domne
1299 1359 1323 1379 et
1342 1360 1412 1386 pater
1449 1357 1471 1387 2,
1497 1357 1505 1379 1
1528 1357 1637 1386 mihique
1658 1358 1682 1379 in

922 1391 967 1413 deo
986 1391 1105 1419 peculiari
1125 1394 1225 1420 patrono
1263 1391 1276 1414 2
1296 1392 1352 1420 quis
1371 1392 1437 1413 enim
1457 1394 1514 1414 tuae
1534 1392 1621 1420 pietati
1641 1399 1684 1421 pe-

922 1425 1021 1447 culiaris
1041 1432 1088 1447 non
1109 1426 1219 1447 redditur
1256 1425 1269 1447 5
1290 1426 1445 1454 peculiariter
1459 1433 1496 1448 me
1510 1426 1684 1448 commendans

922 1458 950 1481 21
973 1461 1009 1482 tit.
1031 1460 1118 1481 domno
1137 1461 1176 1488 pio
1195 1462 1219 1482 et
1238 1460 1396 1488 peculiariter
1415 1460 1481 1482 dulci
1518 1460 1540 1482 X
1561 1460 1583 1489 3,
1606 1460 1620 1482 4
1639 1467 1683 1489 pe-

920 1494 1046 1516 culiariter
1063 1506 1098 1510 —
1116 1493 1292 1516 commendetis
1326 1494 1372 1516 VM
1386 1494 1458 1522 epist.
1474 1494 1502 1516 ad
1517 1494 1588 1522 Greg.
1609 1493 1617 1516 1
1639 1494 1682 1516 do-

921 1528 987 1550 mino
999 1540 1034 1544 -—-
1047 1528 1165 1556 peculiari
1203 1527 1216 1550 2
1230 1528 1388 1556 peculiariter
1401 1528 1576 1550 commendans
1612 1527 1626 1550 4
1642 1535 1683 1557 pro

921 1562 973 1584 suis
992 1562 1159 1591 peculiaribus
1178 1562 1330 1584 intercedere

887 1603 961 1625 pecus
980 1603 1054 1619 masc.
1076 1596 1124 1618 VM
1144 1595 1243 1618 111301
1265 1596 1384 1624 cornigeri
1405 1596 1506 1625 pecudis
1544 1596 1589 1619 311
1612 1597 1683 1619 inno-

920 1637 993 1652 cuum
1013 1630 1132 1659 pecudem
1154 1631 1292 1657 (innocuam
1314 1630 1360 1659 LS)

886 1665 989 1694 pelagus
1009 1665 1037 1687 (Ie
1055 1665 1131 1694 fluvio
1163 1665 1200 1687 lII
1223 1664 1267 1693 13,
1293 1664 1301 1687 1
1323 1665 1420 1693 gurgite
1445 1665 1557 1687 caeruleo
1583 1665 1684 1693 pelagus

921 1699 1021 1721 Mosella
1046 1699 1139 1721 relaxat
1175 1699 1197 1721 X
1217 1698 1244 1728 9,
1270 1698 1298 1721 12
1325 1701 1349 1721 et
1372 1699 1470 1727 fugiens
1496 1699 1598 1728 pelagus
1623 1700 1685 1721 ruris

921 1740 1022 1756 amoena
1040 1735 1097 1762 peto

886 1767 1000 1796 pellicius
1031 1767 1077 1790 VM
1096 1768 1133 1790 III
1154 1766 1202 1790 374
1221 1767 1320 1796 pellicia
1347 1769 1443 1789 tantum
1470 1767 1515 1790 sub
1542 1769 1609 1789 veste
1635 1770 1685 1790 tre-

921 1804 1031 1824 mentem

887 1836 1009 1865 pendere:
1038 1836 1048 1858 I
1071 1834 1110 1865 13,
1130 1835 1158 1858 15
1180 1838 1201 1858 et
1220 1836 1281 1858 VIII
1301 1836 1324 1863 3,
1341 1835 1390 1858 370
1410 1835 1498 1864 pendit
1516 1835 1584 1858 codd.
1624 1836 1645 1857 X
1660 1835 1682 1865 S,

920 1870 934 1893 3
960 1870 1047 1899 pendit
1064 1872 1162 1898 praeter
1182 1870 1206 1891 H
1242 1871 1270 1897 0,
1292 1869 1323 1892 42
1348 1870 1435 1899 pendit
1458 1871 1553 1898 praeter
1573 1870 1594 1891 F
1626 1877 1682 1899 app.

920 1904 967 1933 27,
992 1903 1020 1927 10
1040 1904 1128 1933 pendit
1149 1904 1180 1926 Σ.
1207 1916 1240 1920 ——
1264 1904 1287 1925 X
1308 1903 1336 1933 S,
1359 1904 1372 1926 3
1399 1904 1504 1933 qualiter
1523 1904 1560 1926 hic
1580 1904 1685 1933 populus

920 1939 1073 1961 dominorum
1093 1938 1186 1967 pendet
1204 1945 1285 1960 amore
1321 1946 1375 1968 app.
1401 1937 1423 1967 1,
1441 1938 1473 1961 03
1493 1945 1536 1966 ego
1555 1945 1597 1967 pro
1616 1939 1684 1960 vobis

920 1975 1043 1995 momenta
1062 1979 1105 2001 per
1126 1973 1208 1995 omnia
1226 1973 1338 2002 pendens

886 2007 1028 2036 pendulus:
1051 2007 1127 2036 praef.
1151 2006 1166 2029 4
1186 2007 1311 2035 pendulus
1331 2006 1455 2029 montanis
1475 2007 1626 2029 anfractibus
1662 2007 1685 2028 11

919 2040 947 2070 3,
971 2040 985 2064 8
1004 2041 1128 2070 pendulus
1149 2041 1206 2070 ipse
1225 2048 1296 2063 cruce
1334 2041 1372 2063 ΙΙΙ
1394 2040 1436 2068 14,
1458 2040 1489 2063 24
1514 2041 1578 2063 alter
1596 2042 1621 2063 in
1641 2047 1686 2062 ex-

918 2076 981 2098 celso
1005 2075 1129 2105 pendulus
1154 2076 1210 2098 ordo
1240 2075 1313 2097 datur
1349 2075 1371 2097 V
1392 2075 1414 2101 5,
1438 2074 1468 2097 28
1488 2075 1602 2097 30110010
1622 2074 1686 2096 side-

919 2116 987 2132 reum
1008 2109 1132 2139 pendulus
1152 2110 1182 2131 iit
1201 2110 1257 2131 iter
1293 2109 1328 2131 VI
1348 2108 1376 2137 5,
1400 2108 1409 2131 1
1432 2115 1477 2130 noc
1499 2109 1552 2136 figit
1575 2109 1687 2131 stabilem

920 2143 1029 2173 pendula
1048 2144 1100 2166 vita
1122 2144 1209 2172 pedem
1241 2143 1273 2166 72
1292 2143 1400 2172 pendula
1413 2143 1520 2165 membra
1551 2142 1574 2170 6,
1591 2142 1605 2165 S
1625 2149 1686 2171 pen—

920 2178 978 2200 dula
996 2178 1059 2200 mala
1095 2178 1145 2200 VII
1165 2176 1189 2206 4,
1212 2177 1226 2200 2
1246 2177 1353 2207 pendula
1371 2190 1404 2193 -
1423 2179 1474 2199 rota
1511 2177 1571 2198 VIII
1592 2177 1615 2204 3,
1637 2176 1682 2199 231

920 2212 1029 2242 pendula
1052 2225 1086 2228 —
1112 2212 1198 2241 planta
1220 2212 1276 2238 (VM
1296 2212 1319 2234 II
1338 2210 1395 2239 325)
1435 2211 1457 2232 X
1478 2210 1506 2238 2,
1531 2210 1540 2233 1
1562 2211 1685 2240 pendulus

921 2249 1016 2276 spectat
1041 2246 1161 2269 diuturne
1187 2246 1250 2275 quod
1276 2246 1363 2268 habeat
1399 2244 1424 2273 0,
1447 2244 1478 2267 54
1497 2245 1605 2273 pendula
1625 2251 1683 2266 saxa

923 2280 966 2310 17,
990 2279 1021 2303 38
1047 2280 1147 2310 (clodus)
1178 2281 1218 2303 sui
1243 2280 1336 2302 domini
1361 2279 1485 2308 pendulus
1511 2279 1597 2307 implet
1623 2285 1685 2307 opus

921 2314 1011 2344 X125,
1028 2313 1042 2337 2
1055 2315 1220 2344 instabilique
1239 2314 1316 2342 gradu
1335 2314 1443 2343 pendula
1462 2314 1513 2335 vita
1532 2315 1597 2335 meat
1627 2320 1683 2341 app.

925 2348 946 2378 1,
969 2348 1000 2371 06
1020 2349 1105 2371 nubila
1124 2350 1144 2371 si
1164 2349 1271 2371 volitant
1289 2348 1396 2377 pendula
1434 2346 1480 2369 109
1500 2347 1600 2369 eductos
1619 2353 1687 2375 pres-

923 2384 1010 2405 sissem
1023 2383 1131 2412 pendula
1144 2384 1236 2405 fluctus
1274 2382 1311 2404 III
1328 2381 1373 2404 123
1393 2382 1453 2403 sacri
1467 2381 1524 2403 dum
1538 2381 1611 2409 pallia
1624 2387 1686 2410 pen-

923 2417 982 2439 dula
1000 2419 1106 2439 cernunt
1144 2416 1187 2439 171
1209 2416 1298 2438 mulier
1316 2416 1432 2438 defuncto
1450 2415 1558 2444 pendula
1571 2418 1628 2437 nato
1641 2415 1683 2437 ult.

889 2451 1022 2481 penetralis
1042 2450 1089 2473 VM
1104 2451 1127 2473 11
1144 2450 1190 2473 134
1212 2451 1295 2479 (falsas
1316 2450 1413 2478 figuras)
1439 2449 1580 2477 perspicuas
1599 2449 1687 2471 habuit

923 2485 1059 2514 penetralis
1073 2485 1186 2507 acumine
1200 2485 1276 2507 visus.
1297 2496 1331 2500 —-
1349 2484 1513 2513 penetraliter
1527 2482 1573 2504 VM
1588 2483 1623 2504 IV
1637 2482 1684 2505 507

889 2522 1016 2549 penetrare
1035 2518 1107 2546 1113,
1127 2518 1156 2541 12
1175 2521 1202 2541 ut
1221 2520 1336 2547 penetres
1355 2518 1432 2540 caelos
1468 2516 1510 2545 21,
1535 2516 1561 2539 13
1582 2517 1611 2539 ad
1630 2524 1685 2538 cae-

924 2554 958 2575 los
978 2553 1130 2582 penetranda
1150 2560 1225 2579 seras,
1247 2554 1316 2581 pater
1335 2552 1393 2579 alte,
1415 2551 1515 2573 talenta.
1534 2563 1567 2566 —-
1587 2551 1647 2573 VIII
1664 2550 1683 2575 1,

923 2587 938 2610 9
958 2588 1061 2610 facundo
1080 2587 1174 2609 tonitru
1192 2587 1315 2615 penetrati

889 2628 992 2652 pensare
1012 2622 1028 2644 ι’.
1050 2628 1071 2650 q.
1094 2628 1150 2643 nere
1171 2620 1218 2642 VM
1238 2621 1261 2642 II
1282 2619 1311 2643 87
1335 2618 1498 2649 (bombycina)
1520 2619 1603 2648 qualia
1621 2625 1684 2648 pen-

925 2658 962 2678 sat
980 2656 1076 2683 Aragne

890 2690 994 2720 pensilis
1013 2689 1059 2711 VM
1074 2689 1150 2718 praes.
1169 2688 1198 2711 10
1211 2687 1301 2717 liquidi
1320 2687 1398 2716 campi
1418 2687 1514 2717 pensile
1533 2687 1623 2709 transit
1638 2687 1686 2709 iter

924 2724 959 2746 IV
980 2723 1010 2746 70
1030 2723 1124 2753 pensile
1144 2723 1227 2752 pluma

1429 2771 1459 2795 52
1470 2770 1483 2784 ³⁶
