2038 3036
44 689 71 708 10

42 946 69 965 15

38 1202 66 1221 20

36 1459 65 1478 25

35 1717 63 1737 30

34 1975 63 1994 35

33 2231 62 2251 40

676 129 768 154 VITA
788 129 923 156 SANCTI
943 131 1125 158 GERMANI.
1671 142 1704 170 a]

98 220 179 260 (123)
208 219 327 250 Idcirco
359 219 591 251 febricitantem
622 221 722 252 virum
753 222 804 253 dei
836 224 919 255 servi
949 235 1064 256 racena
1095 227 1233 266 undique
1265 229 1445 261 obvolutum
1470 232 1618 271 conponit
1641 233 1709 264 eius

92 271 124 302 111
159 271 285 302 lectulo.
333 270 454 301 Eadem
488 281 611 311 quoque
647 272 697 303 die
728 276 813 305 tacta
846 276 942 306 vestis
974 277 1091 308 nobilis
1122 279 1212 317 quasi
1242 279 1378 320 impetus
1408 280 1564 322 fluminis,
1602 284 1709 324 itaque

92 324 268 362 quartanae
299 321 396 352 febris
426 321 511 361 iguis
543 322 645 353 omnis
677 323 835 355 extinctus
867 329 924 357 est.
978 328 1058 365 (124)
1087 329 1126 359 Et
1148 329 1300 361 redeunte
1325 331 1364 362 de
1388 333 1535 372 prandio,
1572 339 1710 366 reserato

93 373 236 404 cubiculo
267 382 363 403 sanus
387 373 523 404 surrexit
545 383 561 404 0
586 373 720 412 lectulo,
756 376 918 407 exultante
942 378 1084 409 ministro
1108 390 1163 420 pro
1188 381 1334 412 sanitatis
1359 384 1516 423 praemio,
1552 388 1625 417 tunc
1649 386 1709 417 sibi

93 424 230 455 resoluto
254 423 381 454 ieiunio.
431 424 483 455 Sic
505 427 592 455 tactu
616 425 702 455 beati
725 427 823 457 vestis
847 428 983 459 salutem
1007 434 1155 470 operatus
1179 435 1227 463 est
1250 433 1377 464 absens.

182 475 262 515 (125)
291 475 512 515 Exsequamur
541 475 663 506 itineris
693 477 796 517 arepti
820 478 980 510 viaticum.
1030 481 1140 521 Itaque
1165 492 1234 512 eum
1258 483 1396 515 Pictavis
1421 485 1468 515 vir
1491 486 1540 517 dei
1565 487 1606 518 ad
1630 488 1707 519 bea—

91 529 157 557 tum
181 526 393 557 confessorem
418 525 668 566 proficisceretur
691 527 857 566 Hilarium,
887 530 1043 568 quaedam
1068 532 1257 564 Baudofeifa
1282 534 1321 565 de
1345 536 1428 567 Sene
1453 537 1605 569 corbiaco
1630 539 1709 570 villa

90 577 171 608 inter
194 577 272 608 duos
296 577 349 608 vix
373 577 508 608 advecta
531 577 559 608 ei
584 582 824 618 repraesentata
848 584 912 619 est,
948 592 1027 621 quae
1053 587 1119 614 crat
1142 588 1245 623 muta,
1273 586 1364 616 cloda
1388 588 1438 618 vel
1462 598 1585 619 manca.
1635 590 1709 621 Lin-

91 639 155 668 gua
186 628 309 668 rigebat
338 628 517 667 inmobilis,
551 629 695 660 anhelitu
726 631 902 671 palpitante
934 642 1007 672 pars
1038 637 1105 664 erat
1135 638 1200 666 tota
1231 636 1269 667 de
1301 637 1430 676 funere,
1465 642 1498 669 ut
1528 640 1707 672 videntibus

91 679 190 711 oculis
220 679 349 711 relicum
380 683 465 711 esset
497 680 672 711 cadaveris
737 683 817 721 (1211)
847 682 949 723 Super
979 695 1073 724 quam
1105 686 1349 718 misericorditer
1379 692 1412 719 ut
1442 689 1567 729 signum
1598 701 1707 723 sacrae

91 731 191 762 crucis
226 731 399 772 expressit,
438 731 603 762 confestim
638 732 738 762 omnis
773 732 863 773 vigor
893 745 950 774 per
980 736 1121 767 membra
1153 736 1354 777 diffunditur,
1393 750 1543 771 venarum
1574 742 1707 774 flexuosi

89 782 183 814 rivuli
208 782 411 821 suscitantur,
438 792 606 813 nervorum
629 782 789 814 inbecillis
814 788 923 825 stupor
947 787 1113 825 excutitur,
1141 789 1340 820 naturalibus
1364 790 1500 821 motibus
1521 792 1561 822 ad
1579 793 1706 825 vitalem

89 843 180 865 usum
203 837 268 865 tota
291 834 413 865 fabrica
437 837 616 865 renovatur.
671 836 752 873 (127)
780 835 853 866 Mox
877 836 1005 876 linguae
1029 838 1184 878 plectrum
1209 840 1385 879 resolvitur,
1415 841 1583 881 digitorum
1608 845 1706 883 glomi

89 885 269 925 tenduntur,
298 885 415 926 pedum
439 885 567 917 basides
592 885 769 917 solidantur
792 890 953 927 totamque
977 888 1135 920 viscerum
1159 891 1274 921 molem
1298 891 1356 923 1100
1381 892 1438 923 fuit
1462 894 1546 933 apud
1565 898 1706 926 sanctum

89 936 249 968 vivificare
273 937 357 976 quod
379 940 521 977 tangere.
563 936 652 974 Quae
677 938 911 970 convaliscente
935 939 1075 971 medella
1097 941 1190 972 tertia
1214 941 1266 973 die
1283 942 1444 974 civitatem
1462 949 1569 976 sancto
1586 946 1706 985 gratias

88 988 229 1019 referens
253 988 318 1019 suis
342 988 476 1019 occurrit
499 988 655 1029 vestigiis.

178 1040 259 1079 (128)
288 1040 411 1081 Operae
435 1040 569 1080 pretium
593 1040 731 1072 creditur
755 1041 850 1072 etiam
875 1042 955 1073 illud
978 1042 1116 1075 inserere
1140 1044 1312 1076 curationis
1329 1047 1540 1086 praeconium.
1583 1049 1702 1088 l'agum

87 1090 357 1122 Vindocinenscm
381 1091 429 1122 vir
451 1092 564 1122 beatus
589 1091 662 1122 dum
687 1093 890 1132 praeteriret,
924 1094 957 1124 in
981 1094 1195 1126 Rausidonem
1220 1097 1367 1128 manendi
1391 1098 1495 1137 gratia
1520 1099 1701 1140 declinavit,

88 1141 142 1173 ubi
165 1142 245 1173 tanti
270 1143 361 1173 robor
385 1142 615 1174 benedictionis
639 1143 791 1182 invaluit,
826 1148 860 1175 ut
883 1145 1032 1185 stipulam
1057 1146 1165 1177 lectuli
1189 1147 1221 1177 111
1245 1157 1305 1186 (1110
1330 1148 1377 1179 vir
1401 1154 1528 1181 sanctus
1552 1152 1707 1191 requievit

87 1193 229 1233 quisquis
263 1193 401 1225 fideliter
432 1194 582 1234 abstulit,
622 1195 737 1226 donum
768 1196 926 1228 medellae
958 1198 1129 1237 portaverit
1158 1202 1189 1230 et
1219 1199 1257 1230 (10
1287 1200 1407 1231 semine
1439 1202 1553 1241 palcac
1583 1202 1705 1243 frugem

86 1248 219 1276 meteret
242 1245 430 1277 medicinae.

176 1298 257 1336 (129)
301 1297 411 1328 tcddat
439 1297 490 1328 1110
519 1297 734 1329 testimonium
766 1299 881 1330 nobilis
913 1299 989 1331 facti
1014 1300 1099 1331 urbis
1123 1301 1323 1333 Namnetum.
1373 1303 1441 1340 Quo
1467 1304 1513 1335 vii·
1536 1305 1587 1336 dei
1611 1316 1702 1337 acce-

86 1347 181 1387 dens,
216 1348 366 1388 religioso
398 1348 569 1380 admodum
597 1353 749 1390 exceptus
773 1350 942 1390 obsequio,
978 1352 1113 1382 occurrit
1136 1352 1164 1383 ei
1188 1353 1286 1384 Tecla
1309 1354 1457 1385 Damiani
1482 1359 1625 1387 matrona
1649 1357 1705 1388 ho—

85 1399 179 1430 minis
208 1400 344 1441 prompti
375 1400 531 1440 negotiis,
567 1401 751 1442 supplicans
782 1405 816 1432 ut
846 1402 946 1433 virum
978 1413 1068 1433 suum
1092 1407 1146 1434 aut
1169 1404 1237 1445 ipse
1261 1409 1369 1445 pastor
1391 1410 1445 1437 aut
1469 1407 1557 1438 missi
1582 1408 1630 1438 sui
1654 1418 1704 1439 re-

85 1451 256 1491 quirerent.
309 1452 389 1491 (130)
418 1452 510 1489 Quod
540 1452 615 1492 quia
646 1452 707 1493 ipsi
739 1452 798 1484 fuit
821 1463 970 1484 accessus
994 1454 1152 1493 difficilis,
1188 1456 1233 1487 sic
1257 1466 1327 1487 cum
1351 1457 1521 1489 crismariis
1546 1459 1609 1490 suis
1634 1459 1705 1490 dia-

86 1511 197 1533 conum
229 1502 381 1543 dirigens.
429 1503 491 1541 Qui
514 1514 701 1544 percurrens
725 1504 767 1535 ad
791 1504 964 1543 hominem,
999 1509 1034 1536 ut
1057 1506 1117 1536 sibi
1141 1506 1263 1537 iussum
1288 1507 1408 1546 fuerat,
1444 1509 1559 1540 infirmi
1583 1510 1705 1541 viscera

86 1554 199 1594 tangit.
243 1554 353 1586 Altera
376 1554 428 1586 die
452 1558 600 1586 exoratus
625 1555 693 1596 ipse
718 1556 866 1587 sacerdos
891 1556 1014 1588 accedit
1037 1557 1079 1588 ad
1102 1557 1251 1597 debilem,
1279 1560 1331 1598 qui
1357 1560 1483 1601 duplice
1508 1562 1566 1592 sub
1591 1565 1704 1593 tortore

85 1605 158 1636 hinc
181 1615 311 1646 pressus
334 1606 510 1637 valitudine
533 1606 608 1637 inde
632 1607 793 1647 podagrae
818 1608 949 1639 vulnere
973 1608 1173 1640 cruciabatur
1189 1610 1281 1641 1101110
1299 1610 1497 1643 miserandus
1515 1613 1700 1653 procaciter.

90 1657 172 1697 (131)
200 1657 280 1688 Tum
305 1657 453 1688 sacerdos
477 1657 623 1688 altissimi
647 1658 804 1689 infirmum
828 1659 897 1689 oleo
921 1659 1087 1690 benedicto
1111 1670 1323 1701 perunguens,
1352 1672 1388 1693 co
1413 1667 1570 1694 momento
1588 1664 1703 1695 debilis

84 1708 190 1740 statim
220 1708 365 1740 manibus
394 1709 520 1740 directis
551 1709 723 1750 longinquo
753 1709 792 1741 (10
824 1710 975 1750 languore
1006 1721 1119 1751 gressu
1152 1712 1287 1743 solidato
1310 1714 1477 1754 prosilivit.
1529 1716 1611 1755 (132)
1640 1715 1703 1746 Sed

84 1763 118 1791 ut
140 1759 356 1800 duplicaretur
380 1760 412 1791 111
436 1771 500 1791 una
524 1761 616 1792 domo
641 1762 836 1801 mysterium,
865 1772 946 1802 quae
970 1763 1146 1802 praecessit
1168 1764 1200 1794 in
1225 1767 1346 1804 patrem
1370 1765 1510 1797 medella
1526 1767 1704 1807 perveniret

84 1811 126 1842 ad
149 1812 280 1852 prolem,
310 1811 464 1843 habentes
489 1812 598 1851 filiani,
626 1812 706 1843 haec
729 1813 858 1844 offertur
881 1813 911 1844 01
934 1814 1043 1854 puella
1067 1814 1167 1845 Maria
1191 1825 1298 1852 caeca,
1327 1816 1423 1847 surda
1446 1820 1477 1847 et
1500 1821 1598 1848 muta.
1639 1819 1703 1849 Ex—

82 1865 203 1903 ponunt
226 1862 332 1893 vivum
357 1862 545 1894 cadaverem
569 1867 643 1895 ante
668 1864 768 1895 sancti
793 1865 931 1904 vestigia
954 1865 1111 1896 dicentes:
1141 1866 1227 1897 Bone
1252 1871 1367 1907 pastor,
1396 1868 1500 1899 adhuc
1524 1869 1608 1908 quod
1630 1870 1703 1901 huic

82 1914 257 1954 languidae
291 1914 450 1945 medicina
483 1918 581 1946 restat
615 1915 762 1956 inpende.
811 1916 893 1947 Nam
928 1917 985 1947 tibi
1020 1917 1177 1948 credimus
1212 1922 1424 1957 reservatum.
1464 1919 1547 1951 unde
1578 1924 1702 1952 teneres

83 1965 302 2006 praeconium,
345 1969 379 1996 ut
415 1966 561 1997 restituta
600 1966 724 1998 familia
762 1967 910 2007 adquirat
947 1978 966 1999 a
1004 1968 1167 1999 sacerdote
1206 1969 1290 2008 quod
1328 1970 1434 2001 amisit
1472 1971 1510 2002 de
1544 1972 1698 2011 germine.

88 2017 168 2057 (133)
197 2018 287 2048 Tune
310 2017 412 2058 pietas
435 2017 570 2057 insignis
594 2018 766 2049 advocatur
787 2019 820 2049 in
846 2019 1002 2059 lacrimis,
1037 2030 1108 2051 mox
1132 2020 1172 2051 ad
1197 2021 1329 2052 militiae
1354 2031 1430 2052 suae
1454 2022 1590 2062 belliger
1612 2033 1700 2054 arma

83 2068 274 2100 convertitur
304 2071 335 2099 ct
364 2068 405 2099 ad
438 2068 640 2100 obtinendam
672 2069 833 2100 victoriam
865 2080 975 2111 preces
1007 2071 1098 2102 offert
1128 2071 1216 2102 fortis
1247 2076 1360 2103 orator.
1409 2073 1497 2103 Tunc
1520 2073 1701 2105 virbeatus

83 2129 216 2160 surgens
241 2120 280 2151 ab
305 2120 456 2157 oratione,
488 2121 558 2151 oleo
584 2120 749 2151 benedicto
773 2121 843 2152 loca
866 2131 1069 2162 perunguens
1094 2122 1217 2163 capitis,
1246 2123 1278 2153 in
1300 2123 1450 2155 trinitatis
1473 2125 1597 2156 nomine
1621 2125 1701 2157 trino

83 2171 215 2212 depulso
246 2171 415 2211 languore,
450 2171 556 2202 statim
580 2170 750 2212 patefactis
774 2172 896 2203 aurium
922 2173 1147 2213 oculorumque
1171 2174 1346 2213 meatibus,
1381 2175 1607 2215 plaudentibus
1632 2176 1701 2207 uni-

82 2222 183 2254 versis
218 2226 305 2254 muta
340 2223 456 2263 loquax
491 2223 605 2254 effecta
639 2227 697 2254 est.
762 2225 842 2263 (131)
870 2223 939 2261 Quo
971 2224 1054 2255 facto
1084 2225 1297 2265 negotiatores
1328 2226 1464 2257 civitatis
1495 2227 1700 2258 Namncticae

168 2335 352 2358 lfebricitanti
380 2337 433 2358 uiro
459 2349 493 2352 —
521 2336 637 2359 obuoluto
668 2336 687 2358 P
825 2335 921 2368 sacena]
948 2336 994 2367 P1,
1024 2338 1100 2360 lodice
1128 2336 1172 2367 (1¹⁴2,
1204 2338 1323 2360 raehaeua
1352 2337 1396 2367 (1¹³,
1426 2339 1457 2367 cf.
1489 2337 1588 2370 ῥάχινος
1620 2340 1696 2363 Closs.

81 2377 96 2401 2
114 2379 179 2401 uesti
199 2377 219 2400 G
328 2377 450 2410 impetus]
470 2379 515 2401 PG
628 2377 724 2411 itaque]
745 2386 792 2408 que
812 2386 872 2402 era-3.
895 2380 915 2402 G
1030 2380 1043 2402 3
1063 2381 1190 2409 quartanis
1210 2380 1230 2402 P
1341 2380 1355 2403 5
1377 2384 1456 2403 tactus
1476 2382 1495 2402 (ι’
1609 2382 1623 2405 ϋ
1642 2389 1700 2411 pec-

80 2421 146 2444 tauis
166 2421 188 2443 P
344 2421 357 2444 ἵ
378 2422 496 2444 aelarium
516 2422 546 2444 Pl
686 2422 818 2445 baudofei'a
838 2423 859 2445 P
1013 2422 1027 2445 S
1047 2421 1127 2454 cleda]
1147 2422 1176 2453 G,
1199 2423 1233 2452 cs.
1256 2431 1329 2446 carm.
1353 2424 1403 2451 III,
1428 2426 1467 2454 13,
1495 2426 1530 2447 lli.
1555 2425 1583 2453 X,
1606 2426 1644 2455 17,
1667 2426 1698 2447 37

83 2463 110 2486 11
132 2464 251 2487 ssesuosi‘?
270 2463 311 2494 Pl,
330 2472 400 2494 corr„
424 2465 532 2488 fluxuosi
556 2465 575 2487 G
692 2465 720 2488 12
740 2465 838 2487 biuuli?
858 2465 887 2487 1²1
993 2466 1112 2488 naturalis·
1133 2466 1155 2488 P
1260 2466 1288 2489 14
1308 2467 1374 2496 pedu
1396 2466 1424 2488 Pl
1531 2466 1637 2499 basides]
1658 2467 1698 2497 ΡΙ,

80 2507 152 2530 bases
171 2505 246 2535 P2G2,
268 2506 303 2535 cf.
325 2514 399 2536 supra
415 2515 440 2536 p.
464 2509 504 2537 19,
527 2509 558 2531 *29
690 2507 718 2531 17
739 2515 799 2537 pago
818 2508 1002 2531 uiudoceneuse
1023 2508 1044 2530 P
1172 2508 1201 2532 18
1222 2510 1385 2531 rauscduucm
1407 2509 1429 2531 Ι)
1548 2517 1649 2533 manens
1670 2510 1698 2532 Pl

83 2549 112 2572 19
131 2548 171 2582 ut]
189 2549 247 2572 add.
270 2548 302 2572 122
406 2550 437 2573 20
457 2550 571 2580 quisquis
590 2550 698 2573 fideliter
718 2549 831 2582 abstulit]
852 2552 877 2573 in
895 2558 943 2579 my.
961 2550 993 2573 1²2
1098 2551 1128 2574 22
1150 2550 1228 2583 1111110]
1248 2552 1276 2581 P,
1299 2553 1373 2574 111-1105
1397 2554 1417 2574 (ι’
1522 2556 1647 2575 namt-tum
1668 2554 1696 2581 P,

81 2595 233 2615 flammetum
252 2599 343 2622 semper
363 2592 382 2615 G
488 2592 520 2616 23
540 2594 685 2623 relegiosum
700 2607 732 2610 —
745 2594 890 2623 obsequium
911 2594 932 2615 P
1034 2594 1166 2616 dammiaui
1187 2594 1207 2616 G
1312 2594 1342 2617 2-1
1363 2595 1454 2623 negotii
1476 2595 1497 2616 I'
1599 2595 1630 2618 25
1650 2594 1697 2627 sic]

80 2640 126 2657 om.
152 2634 172 2657 G
294 2635 325 2658 20
345 2636 465 2666 perunxit
488 2636 527 2667 (G)
653 2636 684 2660 30
704 2637 817 2665 prosiluit
840 2637 859 2659 G
982 2636 1008 2659 31
1032 2635 1189 2668 mysterium]
1209 2640 1233 2660 et
1252 2637 1308 2660 add.
1331 2636 1401 2659 P2G2
1519 2637 1624 2669 patrem)
1644 2638 1665 2660 P

80 2676 227 2700 medellam?
249 2678 269 2701 G
423 2679 454 2702 32
473 2679 587 2702 habentis
607 2681 657 2702 filia
677 2680 698 2702 P
844 2681 875 2703 33
895 2678 1050 2711 cadauerem]
1070 2680 1091 2701 P
1236 2680 1293 2703 huie
1314 2679 1456 2712 languidae]
1476 2682 1517 2703 ubi
1537 2681 1645 2709 languidi
1667 2681 1696 2704 P1

81 2719 112 2744 37
131 2724 263 2744 conuertur
283 2722 313 2743 (il
446 2722 477 2745 38
497 2723 591 2746 trinum
611 2723 709 2753 depulit
728 2723 870 2752 languorem
893 2724 912 2745 G
1042 2724 1073 2745 :19
1094 2723 1230 2752 patefactus·
1250 2723 1279 2745 Pl
1394 2724 1425 2746 40
1446 2726 1513 2746 muta
1532 2724 1620 2753 loquax
1640 2725 1697 2747 uni-

81 2763 160 2786 uersis
180 2763 202 2785 P

1730 488 1816 519 XLV

1727 1052 1827 1082 XLVI

1726 1308 1843 1339 XLVII
