2038 3036
51 672 77 692 10

50 929 77 949 15

50 1186 79 1206 20

50 1443 80 1463 25

52 1702 80 1722 30

55 1959 84 1979 35

625 103 716 130 VITA
735 102 907 130 SANOTAE
927 104 1181 130 RADEGVNDIS.
1673 106 1711 135 43

99 200 288 241 singillatim
313 199 419 240 capita
441 198 587 238 pectebat
610 198 682 238 ipsa
704 208 785 238 quae
809 198 942 229 laverat.
996 199 1056 238 (40)
1085 198 1199 229 Vlcera
1222 208 1295 229 vero
1320 197 1510 235 cicatricum,
1536 207 1617 237 quae
1635 197 1713 228 cutis

99 253 174 284 laxa
203 252 368 283 detexerat
398 252 453 281 aut
484 259 607 289 ungues
631 253 914 290 exasperaverant,
953 260 1037 281 more
1062 249 1247 289 euangelieo
1272 249 1341 280 0100
1366 248 1533 289 superfuso
1557 249 1716 280 mulcebat

97 303 196 335 morbi
227 301 419 341 contagium.
467 300 635 331 Mulierum
668 310 741 331 vero
772 300 1031 332 descendentium
1059 300 1093 331 in
1116 300 1215 331 tinam
1239 300 1310 341 ipsa
1333 310 1403 331 01101
1427 309 1545 340 sapone
1570 310 1588 330 a
1612 299 1713 340 capite

98 365 196 395 usque
227 353 270 385 ad
299 353 443 394 plantam
473 352 617 383 membra
648 351 774 392 singula
806 352 960 383 diluebat.
1011 352 1258 392 Egredientibus
1289 351 1404 382 exinde
1436 351 1463 382 si
1492 351 1543 382 cui
1574 354 1715 382 veterata

97 406 284 437 indumenta
307 403 503 444 conspiceret
524 403 642 434 tollens
666 412 749 441 rasa,
777 413 858 434 nova
882 403 1028 442 reddens,
1057 406 1128 434 ante
1152 412 1310 443 pannosos
1331 402 1470 433 faciebat
1490 402 1597 433 venire
1615 402 1714 433 cultos

96 457 138 488 ad
160 455 338 498 prandium.
392 455 452 494 (41)
482 454 605 492 Quibus
630 454 846 494 congregatis,
883 454 1058 485 ministerio
1082 458 1210 495 parato,
1243 454 1314 494 ipsa
1336 464 1451 493 aquam
1476 454 1542 484 sive
1566 464 1714 494 mappam

96 508 231 548 singulis
260 506 444 548 porrigebat
475 509 506 537 et
534 505 685 536 invalidis
716 505 788 546 ipsa
819 506 936 546 pariter
966 516 1000 536 os
1031 509 1062 537 et
1084 515 1197 536 manus
1221 505 1375 545 tergebat.
1424 505 1504 536 Hinc
1527 505 1627 536 tribus
1652 505 1715 535 fer-

96 559 177 591 culis
207 558 331 596 inlatis,
366 556 487 588 farcitis
519 556 660 589 deliciis,
695 559 782 587 stans
813 560 887 587 ante
918 556 1110 597 prandentes
1138 556 1263 595 ieiuna,
1295 565 1446 596 praesens
1475 556 1615 587 convivis
1645 556 1716 597 ipsa

96 610 256 642 incidebat
287 619 420 650 panem,
455 617 598 646 carnem,
634 607 788 647 quidquid
819 608 1004 648 adponeret.
1057 608 1116 646 (42)
1144 607 1319 647 Languidis
1343 610 1449 638 autem
1472 610 1503 638 et
1526 607 1629 638 caeeis
1653 617 1715 638 non

98 662 245 694 cessabat
267 661 339 702 ipsa
362 659 449 691 cibos
474 668 544 690 cum
568 659 712 690 cocleare
735 658 915 699 porrigere,
944 659 1002 690 hoc
1026 658 1248 699 praesentibus
1273 658 1396 689 duabus
1421 658 1477 689 sed
1501 668 1535 689 se
1559 659 1626 689 sola
1650 668 1716 689 scr—

97 713 214 753 viente,
242 716 277 743 ut
299 721 381 743 nova
396 711 523 742 Martha
546 714 717 750 satageret,
746 711 846 741 (10000
869 710 1025 751 potulenti
1049 710 1163 741 fratres
1186 709 1263 740 laeti
1285 709 1397 740 fierent
1420 709 1581 740 conviviis.
1627 710 1716 741 Tune

97 765 153 796 illa
176 773 340 795 removens
364 773 399 794 se
423 763 513 802 loeo,
540 765 575 793 ut
597 762 741 793 ablueret
763 772 885 799 manus,
913 762 977 792 iam
1000 762 1081 793 bene
1106 761 1188 792 culto
1212 760 1356 791 convivio
1378 763 1444 791 tota
1467 760 1713 799 gratificabatur.

98 816 133 847 Si
156 815 233 855 quid
256 814 381 846 audiret
404 814 443 845 de
467 813 604 852 fremitu,
634 813 764 844 iubebat
786 816 893 844 tamen
917 817 950 843 ut
974 813 1133 851 sederent,
1161 811 1261 842 donec
1283 811 1403 842 vellent
1426 811 1610 851 adsurgere.

188 867 248 907 (43)
276 865 461 897 Venerabili
491 875 565 896 vero
596 864 679 896 omni
712 864 870 895 dominico
902 864 954 895 die
984 864 1043 895 hoe
1074 863 1214 894 habebat
1242 863 1275 894 in
1302 872 1421 893 canone
1445 863 1495 893 vel
1519 866 1641 894 aestate
1666 864 1716 894 vel

99 919 222 958 hieme,
258 921 293 949 ut
326 917 522 958 pauperibus
556 915 698 947 collectis
732 915 831 956 primo
864 926 984 947 merum
1016 925 1075 946 sua
1104 925 1200 945 manu
1231 914 1270 945 de
1301 917 1377 954 potu
1407 913 1501 944 dulce
1531 914 1714 955 porrigeret,

98 971 227 1011 puellae
257 972 369 1010 postea
401 968 614 1007 committens,
648 970 682 999 ut
712 967 858 998 omnibus
881 967 937 998 illa
961 967 1158 1007 propinaret,
1195 965 1269 1006 quia
1292 965 1364 1006 ipsa
1388 965 1561 996 festinabat
1584 966 1715 997 orationi

98 1031 273 1061 occurrere,
301 1031 362 1061 quo
387 1023 419 1051 et
442 1029 567 1051 cursum
593 1021 825 1051 consummaret
849 1022 881 1050 et
904 1018 1123 1049 sacerdotibus
1147 1017 1189 1048 ad
1211 1027 1354 1048 mensam
1370 1017 1512 1048 invitatis
1529 1022 1714 1058 occurreret,

98 1083 178 1114 quos
201 1072 307 1104 adhuc
329 1071 432 1112 regali
456 1081 542 1102 more
565 1070 606 1102 ad
629 1070 756 1111 propria
779 1080 849 1101 cum
873 1070 1013 1101 redirent
1037 1069 1105 1100 sine
1129 1078 1258 1100 munere
1282 1078 1344 1099 non
1368 1069 1502 1100 laxaret.

189 1125 248 1165 (44)
277 1125 367 1155 Hanc
397 1133 522 1164 quoque
552 1132 617 1154 rem
647 1122 935 1154 intremescendam
965 1131 1027 1161 qua
1057 1121 1232 1162 peragebat
1264 1120 1449 1151 dulcedine!
1499 1121 1577 1152 Cum
1601 1121 1717 1162 leprosi

99 1176 263 1209 venientes
294 1176 385 1216 signo
416 1175 499 1206 facto
530 1184 563 1205 se
593 1173 779 1215 proderent,
814 1174 944 1205 iubebat
974 1173 1205 1211 adminiculae,
1240 1174 1273 1203 ut
1300 1172 1383 1203 unde
1407 1172 1457 1203 vel
1482 1172 1591 1211 quanti
1615 1177 1721 1204 essent

99 1229 153 1270 pia
175 1238 251 1259 cura
273 1227 458 1267 requireret.
507 1226 577 1263 Qua
601 1225 662 1257 sibi
686 1225 902 1263 renuntiante,
932 1228 1044 1266 parata
1066 1234 1193 1262 mensa,
1222 1223 1419 1259 missorium,
1447 1223 1624 1263 eocleares,
1652 1225 1719 1255 cul-

99 1280 202 1319 tellos,
231 1288 359 1316 cannas,
389 1281 497 1319 potum
522 1280 553 1309 et
576 1277 692 1308 calices
716 1277 804 1308 scola
827 1277 1040 1316 subsequente
1064 1275 1329 1306 intromittebatur
1352 1275 1470 1313 furtim,
1498 1285 1558 1315 quo
1579 1285 1611 1306 se
1628 1286 1718 1307 nemo

99 1330 288 1372 perciperet.
335 1329 411 1370 Ipsa
444 1333 551 1361 tamen
584 1329 735 1360 mulieres
769 1328 865 1360 variis
897 1328 1004 1369 leprae
1035 1327 1169 1358 maculis
1200 1326 1460 1367 conprehendens
1490 1326 1522 1357 in
1553 1327 1712 1367 amplexu,

101 1382 304 1414 osculabatur
334 1384 365 1413 et
395 1381 517 1412 vultum
548 1384 612 1412 toto
645 1380 783 1421 diligens
807 1380 924 1411 animo.
978 1380 1037 1419 (45)
1067 1378 1191 1410 Deinde
1215 1378 1319 1419 posita
1342 1388 1453 1409 mensa
1476 1378 1580 1409 ferens
1605 1388 1719 1418 aquam

100 1434 250 1473 calidam,
278 1433 376 1464 facies
399 1433 539 1472 lavabat,
566 1441 689 1469 manus,
718 1441 841 1472 ungues
866 1435 897 1463 01
920 1432 1029 1462 ulcera
1053 1434 1083 1462 et
1106 1439 1216 1461 rursus
1240 1429 1483 1460 administrabat
1499 1429 1569 1470 ipsa
1585 1440 1720 1470 pascens

99 1496 157 1527 per
186 1485 324 1525 singula.
372 1484 606 1516 Recedentibus
637 1483 813 1524 praebebat
842 1483 911 1514 auri
942 1482 994 1513 vel
1025 1481 1206 1513 vestimenti
1237 1481 1290 1511 vix
1321 1491 1384 1512 una
1414 1484 1495 1512 teste
1519 1481 1717 1512 munuscula.

106 1538 166 1577 (46)
193 1536 337 1568 Ministra
366 1539 473 1567 tamen
503 1535 730 1577 praesumebat
757 1538 788 1566 et
811 1534 1037 1565 blandimentis
1062 1533 1106 1564 sie
1131 1533 1312 1574 appellare:
1349 1532 1555 1563 Sanctissima
1579 1532 1716 1571 domina,

100 1589 171 1629 quis
195 1591 226 1619 10
250 1588 410 1619 osculetur
434 1597 516 1628 quae
541 1587 587 1618 sic
610 1587 753 1628 leprosos
778 1586 1001 1627 amplecteris?
1045 1585 1107 1616 Illa
1130 1584 1293 1625 respondit
1316 1584 1481 1615 benivole:
1515 1584 1596 1615 Vere
1621 1584 1647 1615 si
1671 1594 1721 1615 me

100 1650 163 1672 non
187 1640 351 1679 osculeris,
379 1639 452 1670 hinc
476 1639 554 1670 mihi
578 1648 652 1670 cura
674 1648 734 1669 nec
757 1638 823 1669 ulla
848 1641 906 1669 est.

194 1692 252 1731 (47)
282 1691 371 1729 Quae
394 1693 501 1722 tamen
524 1693 708 1731 praestante
731 1689 790 1721 deo
815 1689 941 1720 diverso
965 1688 1055 1719 fulsit
1077 1687 1242 1718 miraculo.
1283 1686 1427 1727 Denique
1444 1685 1470 1717 si
1487 1685 1557 1726 quis
1573 1687 1720 1727 pustulae

101 1743 287 1784 desperaret
318 1742 357 1773 de
387 1742 535 1781 vulnere,
569 1742 722 1773 offerebat
748 1741 894 1772 ministra
917 1743 1046 1771 sanetae
1070 1739 1181 1770 solium
1205 1738 1358 1779 pampani
1381 1737 1537 1769 mentiens
1561 1737 1621 1768 sibi
1644 1748 1722 1778 opus

102 1795 162 1826 hoc
184 1804 267 1826 esse.
317 1793 370 1824 Sic
393 1793 446 1824 vix
471 1793 597 1824 obtento
622 1793 787 1832 signaculo
812 1795 940 1832 portans
963 1791 1005 1822 ad
1029 1790 1246 1831 desperatum,
1283 1789 1406 1820 vulneri
1430 1789 1627 1829 superposito
1650 1799 1722 1820 mox

102 1847 288 1877 occurrebat
321 1845 508 1876 remedium.
572 1845 633 1884 (48)
660 1844 739 1875 Item
775 1843 974 1884 frig-creticus
1008 1842 1063 1882 qui
1096 1841 1237 1873 venisset
1266 1844 1320 1872 aut
1351 1840 1523 1880 languidus
1553 1840 1661 1871 dicens
1690 1840 1722 1870 in

104 1896 222 1929 somnis
253 1907 286 1928 se
318 1896 456 1935 vidisse,
491 1899 525 1927 ut
555 1906 610 1937 pro
641 1905 699 1927 sua
727 1895 829 1926 salute
853 1894 992 1926 feminae
1016 1896 1144 1924 sanctae
1169 1895 1362 1931 occurreret,
1396 1892 1531 1923 offerens
1555 1890 1721 1922 candelam

104 1948 201 1980 0110111
224 1959 263 1980 ex
288 1947 449 1979 ministris.
478 1957 541 1988 qua
563 1947 694 1979 incensa
716 1957 773 1987 per
796 1949 919 1977 noctem
943 1945 1070 1976 morbus
1094 1944 1270 1985 accipiebat
1289 1946 1430 1983 mortem,
1457 1942 1619 1974 morbidus
1636 1942 1723 1974 sani-

191 2096 206 2120 2
225 2096 299 2120 Marc.
322 2096 346 2125 6,
370 2095 409 2119 13.
519 2094 547 2118 11
569 2095 630 2117 Luc.
654 2094 693 2124 10,
717 2093 755 2117 1-1.

194 2234 204 2258 1
225 2234 369 2264 pectinabat
388 2234 432 2256 LE
553 2233 568 2255 4
588 2231 627 2264 ad]
648 2232 711 2254 deest
733 2232 753 2254 G
875 2232 1013 2253 inueterata
1036 2230 1055 2252 T
1175 2229 1189 2251 5
1209 2228 1326 2251 reddebat
1346 2228 1366 2250 Τ
1489 2228 1502 2250 S
1522 2228 1645 2250 conuiuiis
1666 2227 1727 2249 1>1M

108 2277 138 2301 lo
157 2278 283 2300 coclear-iis
298 2277 326 2306 L,
348 2277 428 2300 coclea
449 2277 469 2298 E
574 2276 624 2298 sola
643 2282 669 2298 se
686 2274 734 2296 PM
840 2273 867 2296 ll
889 2276 968 2296 marta
983 2272 1031 2295 PM
1135 2270 1235 2303 fierent]
1254 2271 1382 2293 feruerent
1401 2271 1445 2293 LE
1550 2270 1578 2293 13
1598 2277 1724 2299 assurgere

106 2321 200 2344 uellent
223 2321 242 2342 Τ
377 2319 407 2344 14
425 2318 504 2351 omui]
524 2326 571 2342 om.
594 2318 621 2340 M
741 2318 782 2340 uel
801 2315 906 2348 aestate]
926 2318 1017 2339 aestate
1041 2316 1060 2338 Τ
1190 2314 1219 2337 15
1239 2315 1347 2343 primum
1366 2314 1411 2336 LE
1542 2313 1570 2336 lu
1590 2320 1673 2335 omnes
1693 2313 1721 2342 G,

107 2371 155 2387 om.
178 2363 204 2386 M
342 2363 445 2385 orationi
470 2360 607 2393 occurrere]
633 2361 737 2384 orationi
763 2361 889 2383 incurrere
915 2358 956 2387 M,
985 2359 1015 2382 ad
1040 2358 1174 2381 orationem
1198 2364 1320 2380 recurrere
1345 2357 1379 2386 L,
1410 2357 1515 2380 orationi
1538 2357 1681 2378 incumbere
1706 2356 1727 2377 Ε

109 2407 139 2430 17
158 2409 183 2429 et
201 2404 312 2438 cursum]
336 2413 396 2429 corr.
418 2404 463 2434 1²2,
490 2406 519 2428 ad
538 2412 638 2428 cursum
660 2404 687 2426 M
824 2403 928 2426 occurrit
948 2402 969 2424 L
1118 2400 1146 2423 IS
1167 2401 1288 2423 relaxaret
1309 2400 1329 2421 T
1468 2399 1497 2422 19
1517 2399 1673 2422 dulcedinem
1694 2398 1723 2421 Ι)1

109 2450 141 2473 22
161 2448 264 2481 cannas]
283 2458 307 2472 v.
328 2450 371 2471 Du
393 2449 474 2477 C'tmye
493 2448 571 2471 Gloss.
594 2451 651 2470 tom.
674 2448 709 2476 II,
730 2454 755 2476 p.
778 2448 809 2470 97
930 2445 1160 2468 intromittebantur
1179 2443 1230 2472 LE,
1251 2443 1431 2466 intromittebat
1453 2442 1473 2464 Τ
1606 2441 1637 2464 23
1657 2441 1725 2470 lepra

108 2492 139 2515 P1
262 2490 377 2524 maculis]
396 2493 507 2521 perfusas
527 2492 630 2514 maculis
654 2491 674 2512 T
811 2489 842 2513 24
862 2489 948 2511 uultus
968 2488 1020 2517 LE,
1041 2487 1195 2510 osculabatur
1214 2487 1241 2509 in
1261 2486 1347 2509 deoeas
1367 2488 1416 2508 toto
1439 2485 1459 2507 T
1595 2483 1625 2507 211
1645 2484 1724 2507 uesti-

109 2533 199 2567 menti]
218 2536 334 2559 solatium
352 2534 411 2558 aad.
437 2535 457 2557 T
594 2534 713 2556 munifica
735 2533 778 2556 GT
917 2531 947 2554 27
969 2529 1005 2562 et]
1024 2530 1106 2559 PMG,
1133 2532 1157 2553 et
1177 2530 1197 2552 si
1216 2529 1244 2558 L,
1267 2536 1313 2551 om.
1335 2528 1362 2557 E,
1385 2535 1437 2551 eam
1458 2528 1497 2557 (T)
1639 2527 1724 2557 appel-

107 2579 153 2601 lari
172 2577 201 2600 P¹
337 2577 368 2601 28
388 2578 507 2601 beneuolo
526 2578 557 2607 L,
578 2585 626 2600 om.
649 2577 670 2599 E
802 2582 860 2598 uere
881 2575 900 2597 si
920 2572 970 2606 me]
990 2574 1078 2596 uenite
1097 2572 1126 2602 L,
1149 2579 1237 2595 uerum
1256 2572 1277 2594 si
1296 2579 1334 2594 me
1355 2571 1376 2593 E
1508 2570 1539 2593 29
1559 2570 1653 2592 osculas-
1674 2569 1721 2598 Ml,

108 2621 226 2644 oscularis
250 2619 292 2643 M2
411 2628 468 2643 cura
487 2628 533 2643 nec
552 2618 614 2652 ulla]
633 2627 689 2642 cura
709 2619 777 2642 nulla
796 2618 831 2647 M,
853 2618 924 2640 nulla
943 2624 999 2640 eura
1021 2617 1040 2638 T
1162 2615 1193 2638 30
1212 2615 1287 2642 fulgit
1306 2613 1347 2635 M¹
1470 2612 1498 2635 31
1520 2613 1646 2635 auferebat
1665 2612 1724 2642 PM,

108 2666 136 2687 ut
155 2665 222 2694 infra
327 2662 456 2695 pampani]
478 2663 550 2686 PMG
655 2662 686 2685 32
707 2669 761 2685 esse
780 2662 824 2684 hoc
844 2660 871 2682 M
968 2660 987 2682 si
1008 2659 1071 2688 P¹G‚
1092 2659 1176 2688 sicque
1197 2658 1236 2687 (T)
1337 2657 1436 2679 obtento
1455 2656 1500 2678 uix
1523 2656 1542 2677 Τ
1640 2662 1725 2685 super-

109 2707 218 2737 positum
240 2707 260 2729 T
398 2706 429 2729 33
448 2704 522 2738 item]
542 2706 570 2734 E,
591 2706 657 2728 idem
678 2703 794 2734 MG2LT,
814 2704 840 2726 id
859 2706 897 2726 est
917 2701 991 2732 P¹G¹,
1012 2705 1036 2725 et
1054 2700 1090 2724 1³2
1210 2700 1365 2729 frigoratieus
1386 2698 1444 2721 MP¹
1577 2696 1609 2720 34
1627 2700 1725 2720 sanctae

111 2749 219 2774 feminae
241 2750 260 2773 Τ
363 2751 482 2774 offerebat
504 2749 524 2772 T
627 2749 658 2771 35
678 2755 780 2771 accensa
801 2747 888 2777 (Lm)
995 2742 1131 2776 morbidus]
1150 2746 1232 2766 autem
1252 2743 1310 2766 add.
1332 2742 1360 2764 M

1740 821 1846 851 XVIII

1743 1121 1820 1151 XIX

1744 1687 1806 1717 XX
