2038 3036
210 784 249 815 Vl

195 1249 249 1279 Vll

180 1507 253 1538 vul

275 127 315 155 40
877 117 1043 145 VENANTI
1066 116 1283 143 Fou'rva‘rl

276 219 380 250 biliter
403 218 599 249 vescebatur,
651 215 697 246 lle
722 223 814 245 eursu
840 223 913 243 vero
938 210 1155 242 decantando.
1183 211 1243 242 etsi
1267 211 1394 243 sederet
1418 211 1448 243 iu
1473 212 1616 253 prandio.
1644 222 1801 244 excusans
1825 213 1892 253 regi

275 270 382 310 aliquo
413 279 502 300 casu.
539 272 570 298 ut
601 266 660 298 deo
691 265 838 297 redderet
869 263 1010 295 debitum
1034 272 1068 293 se
1093 261 1293 294 subducebat
1315 263 1472 295 convivio.
1521 264 1590 302 Quo
1613 273 1745 305 egressa
1767 264 1893 296 domino

277 321 437 362 psalleret.
465 319 587 350 curiose
613 317 792 357 requirebat
814 315 900 356 quali
925 314 996 345 cibo
1021 313 1097 345 soris
1121 324 1279 355 pauperes
1302 315 1500 347 refecissent.

366 374 412 403 [Η
455 371 530 402 ltem
561 374 712 400 nocturno
736 372 876 408 tempore
901 376 971 397 eum
996 365 1166 397 reclinaret
1188 375 1258 397 cum
1283 366 1444 408 principe,
1478 376 1595 407 rogans
1619 376 1653 398 se
1677 377 1732 408 pro
1755 367 1894 399 humana

275 422 462 454 necessitate
494 430 699 459 consurgere.
737 419 849 450 levans
880 427 1010 457 egressa
1042 417 1204 456 cubiculo,
1239 421 1303 449 tam
1335 418 1389 450 diu
1413 422 1486 450 ante
1510 422 1665 450 secretum
1689 419 1822 451 orationi
1845 419 1895 451 in-

274 474 442 505 eumbehat
467 473 582 503 iau-tato
605 471 719 503 cilicio.
747 473 780 502 ut
804 470 871 500 solo
895 469 1004 500 calens
1028 468 1141 510 spiritu
1166 469 1284 501 iaceret
1306 470 1382 510 gelu
1405 474 1582 511 penetrata,
1608 474 1674 502 tota
1691 480 1784 503 carne
1801 481 1894 512 prae-

277 531 408 558 uun-tua,
437 534 497 555 uon
521 532 635 554 curans
659 521 798 563 eorporis
822 524 978 552 tormenta
994 530 1084 551 mens
1100 520 1223 552 intenta
1243 520 1404 562 paradiso,
1430 521 1501 553 leve
1519 526 1670 563 reputans
1686 522 1771 563 quod
1787 522 1892 557 ferret.

276 582 395 608 tautum
421 586 459 606 ue
484 575 609 606 Christo
633 574 811 605 vilesceret.
866 575 925 611 115>
955 571 1032 603 Inde
1056 582 1204 612 regressa
1227 572 1427 606 cubiculum.
1455 573 1508 604 vix
1531 573 1675 615 tepefieri
1699 577 1822 616 poterat
1844 574 1895 607 vel

276 629 343 659 t'oeo
374 627 422 658 rel
459 626 584 658 lectulo.
633 625 680 656 De
712 635 774 665 qua
805 624 872 664 regi
902 624 1068 655 dicebatur
1097 623 1216 655 habere
1239 633 1273 656 se
1296 624 1400 665 potius
1423 624 1564 665 iugalem
1588 625 1777 657 monacham
1799 636 1895 667 quam

275 680 426 718 reginam.
469 678 558 710 Vnde
582 681 611 709 et
635 677 704 718 ipse
729 676 874 707 inritatus
899 686 956 717 pro
979 675 1070 707 bonis
1094 679 1163 707 erat
1185 675 1390 717 asperrimus,
1418 676 1475 708 sed
1499 676 1556 708 illa
1578 686 1634 717 pro
1652 681 1741 718 parte
1758 677 1892 717 leniens,

275 742 328 772 pro
354 735 440 772 parte
465 729 619 761 tolerabat
643 728 785 759 modeste
811 727 896 758 rixas
920 727 1038 758 inlatas
1062 738 1081 758 a
1105 727 1251 768 coniuge.

382 785 425 812 llil
456 781 576 813 Diebus
608 791 681 812 vero
714 779 981 819 quadragesimae
1013 778 1091 810 satis
1122 782 1171 810 est
1200 779 1280 810 scire
1311 778 1451 819 qualiter
1481 789 1515 811 se
1546 779 1662 821 retegit
1687 779 1769 812 inter
1790 784 1898 812 vestes

275 834 380 873 regias
413 832 618 873 singulariter
649 831 826 873 paenitens.
876 831 976 871 Igitur
1005 830 1282 872 adpropinquante
1310 830 1421 862 ieiunii
1445 835 1586 872 tempore
1609 831 1736 864 mittens
1758 832 1802 864 ad
1824 832 1899 864 reli-

274 886 395 925 giosam
421 885 508 916 Piam
534 883 658 915 nornine
684 883 889 918 monacham,
917 882 966 914 eni
991 886 1101 914 sancto
1124 882 1284 924 proposito
1308 882 1366 914 illa
1389 881 1549 923 dirigebat
1570 887 1760 915 veneranter
1781 883 1813 915 in
1837 884 1899 915 lin—

273 942 323 969 teo
352 937 526 977 sigillatum
557 935 711 967 cilicium:
746 934 830 975 quod
864 937 974 966 sancta
1006 933 1142 966 induens
1173 933 1214 965 ad
1246 943 1378 975 corpus,
1415 944 1472 974 per
1497 938 1593 966 totam
1616 935 1896 976 quadragesimam

275 990 382 1021 subter
410 993 529 1020 vestem
560 987 680 1026 regiam
711 986 802 1018 dulce
834 986 981 1027 portabat
1009 985 1042 1016 iu
1073 985 1209 1017 sarcina.
1257 986 1443 1018 Transactis
1466 985 1580 1018 diebus
1603 987 1750 1019 similiter
1773 987 1898 1028 sigilla-

275 1045 339 1072 tum
372 1040 640 1071 retransmittebat
669 1038 818 1070 cilicium.
874 1045 879 1077 ζ
886 1038 932 1077 17)
962 1037 1019 1068 Sin
1049 1040 1155 1069 antem
1187 1047 1242 1068 rex
1273 1036 1418 1076 deesset,
1454 1037 1525 1077 quis
1555 1037 1665 1070 credat
1694 1038 1834 1079 qualiter
1863 1048 1897 1071 se

275 1091 407 1123 orationi
432 1091 639 1129 defunderet,
674 1089 810 1130 qualiter
834 1098 868 1120 se
893 1092 1055 1129 tamquam
1078 1088 1256 1130 praesentis
1280 1088 1399 1120 Christi
1422 1089 1558 1130 pedibus
1581 1089 1732 1130 alligaret
1754 1094 1786 1122 et
1807 1090 1899 1131 quasi

277 1143 397 1184 repleta
426 1142 550 1174 deliciis
579 1141 624 1173 sic
656 1141 750 1181 longo
780 1140 900 1172 ieiunio
932 1140 1101 1172 satiaretur
1134 1140 1167 1171 in
1191 1140 1351 1172 lacrimis?
1395 1140 1455 1172 Cui
1477 1141 1628 1183 despecto
1651 1141 1771 1173 ventris
1793 1141 1900 1174 edulio

276 1195 419 1226 (tin-istus
442 1198 508 1226 tota
531 1193 661 1225 refectio
685 1196 716 1224 et
738 1196 804 1224 tota
830 1192 933 1224 fames
956 1195 1024 1224 erat
1047 1191 1079 1223 in
1103 1192 1241 1224 Christo.

366 1247 414 1286 &¹5
454 1245 539 1277 Illud
570 1256 632 1286 qua
663 1245 781 1286 pictate
810 1244 986 1286 peragebat
1011 1243 1164 1283 sollicita,
1200 1247 1234 1275 ut
1257 1253 1339 1284 quae
1362 1254 1419 1285 per
1441 1244 1577 1276 oratoria
1599 1244 1649 1275 vel
1673 1244 1743 1276 loca
1765 1255 1899 1277 venera-

276 1298 354 1329 bilia
383 1302 447 1329 tota
478 1301 569 1329 nocte
599 1297 801 1338 perlucerent
830 1295 984 1328 candelas
1016 1295 1084 1327 suis
1107 1295 1254 1327 manibus
1278 1296 1381 1327 factas
1403 1295 1521 1336 iugiter
1543 1295 1765 1328 minist-rabat?
1809 1296 1899 1328 Vnde

277 1349 353 1380 hora
382 1349 521 1381 serotina
550 1349 624 1380 dum
655 1348 685 1381 ei
715 1348 916 1380 nuntiaretur
943 1347 1050 1386 tarde,
1085 1346 1170 1387 quod
1194 1357 1264 1379 eam
1287 1347 1330 1378 ad
1352 1357 1494 1379 mensam
1518 1357 1575 1379 rex
1598 1350 1782 1388 quaereret,
1816 1347 1901 1380 circa

277 1411 326 1432 res
357 1400 409 1432 (lei
441 1400 516 1432 dum
548 1400 716 1441 satagebat
747 1400 833 1431 rixas
857 1399 998 1431 habebat
1020 1409 1040 1430 a
1063 1398 1214 1439 coniuge,
1248 1398 1294 1430 ita
1316 1402 1350 1431 ut
1372 1399 1496 1431 vicibus
1518 1399 1667 1441 princeps
1691 1409 1747 1441 per
1770 1409 1901 1431 munera

277 1452 477 1484 satisfaceret
500 1452 583 1493 quod
607 1452 635 1484 ei
660 1462 717 1493 per
741 1451 883 1492 linguam
908 1453 1084 1493 peccasset.

368 1506 425 1543 (ΗΥ11
454 1504 504 1535 Ad
528 1504 617 1535 cuius
641 1503 822 1545 opinionem
847 1503 874 1534 si
897 1503 968 1544 quis
992 1512 1154 1535 servorum
1179 1502 1230 1534 dei
1254 1501 1343 1534 visus
1366 1501 1480 1534 fuisset
1502 1502 1554 1534 vel
1576 1511 1633 1544 per
1651 1512 1687 1534 se
1702 1502 1754 1534 vel
1770 1505 1900 1535 vocatus

277 1566 439 1587 occurrere
471 1555 578 1587 videre
610 1565 644 1587 se
667 1555 774 1594 illam,
809 1555 982 1587 caelestem
1006 1564 1041 1586 se
1064 1555 1197 1596 putabat
1221 1554 1338 1585 habere
1362 1553 1535 1593 laetitiam,
1570 1557 1602 1586 et
1625 1554 1702 1586 hora
1724 1554 1827 1586 noctis
1850 1564 1901 1586 re-

278 1618 367 1639 cursa
392 1618 461 1639 cum
485 1607 595 1649 paucis
620 1617 756 1649 pergens
780 1610 811 1638 et
834 1606 953 1638 intimis
976 1616 1033 1647 per
1054 1606 1171 1646 nivem,
1200 1606 1300 1638 lutum
1324 1605 1378 1637 vel
1401 1605 1578 1647 pulverem,
1605 1616 1690 1646 aqua
1713 1606 1820 1638 calida
1842 1616 1900 1648 pa-

278 1663 356 1691 rata.
384 1659 455 1699 ipsa
478 1659 609 1690 lavabat
632 1663 663 1690 ct
686 1658 832 1699 tergebat
855 1657 1030 1690 venerandi
1054 1657 1193 1699 vestigia
1215 1667 1274 1689 nec
1297 1657 1465 1689 resistente
1489 1667 1581 1689 servo
1597 1657 1649 1689 dei
1666 1660 1697 1689 et
1712 1657 1902 1699 propinabat

279 1710 310 1741 in
339 1715 458 1751 patera.
513 1712 571 1749 {203
601 1710 754 1750 Sequenti
784 1710 837 1742 die
860 1720 967 1742 curam
991 1709 1104 1741 domus
1128 1709 1326 1742 committens
1350 1709 1542 1748 creditariis,
1577 1709 1648 1750 ipsa
1671 1718 1706 1740 se
1728 1712 1825 1741 totam
1848 1719 1901 1741 oe-

279 1762 415 1803 eupabat
438 1761 521 1793 eirca
545 1761 603 1793 viri
627 1762 700 1793 iusti
726 1762 833 1801 verba,
862 1762 945 1793 circa
968 1761 1081 1793 salutis
1104 1761 1250 1793 instituta
1273 1764 1304 1792 et·
1327 1761 1411 1793 eirca
1431 1760 1634 1802 adipiscendi
1649 1760 1735 1792 vitae
1751 1760 1900 1793 caelestis

279 1814 466 1845 commercia
490 1813 707 1845 retentabatur
729 1824 786 1855 per
809 1814 889 1845 (lies.
939 1814 978 1845 Et
1002 1813 1029 1845 si
1054 1813 1196 1845 venisset
1219 1813 1373 1855 pontifex,
1400 1812 1434 1844 in
1457 1815 1590 1854 aspectu
1612 1812 1682 1844 eius
1704 1812 1901 1844 laetificaba-

279 1870 329 1897 tur
352 1869 381 1897 et
405 1869 637 1897 remuneratum
663 1866 830 1898 relaxabat
853 1865 924 1907 ipsa
946 1865 1046 1897 tristis
1069 1865 1111 1897 ad
1135 1865 1273 1907 propria.

367 1995 375 2019 1
399 2003 499 2019 occursu
522 1996 548 2018 Μ
660 2003 782 2019 excusans
800 1997 851 2026 regi
871 1997 953 2026 aliquo
973 1994 1045 2028 cusu]
1063 2003 1111 2020 om.
1129 1995 1149 2018 Τ
1271 1995 1286 2019 2
1306 1995 1422 2018 conuiuio
1441 1994 1593 2018 subducebat
1612 1994 1632 2017 L
1746 1993 1855 2028 egressa]
1874 1997 1902 2018 ut

279 2039 338 2062 add.
361 2039 409 2061 ΜΤ
531 2040 545 2061 3
564 2038 692 2071 psalleret]
711 2042 735 2062 et
754 2039 812 2062 add.
829 2038 887 2062 1²21,
1004 2040 1142 2069 requireret
1163 2038 1182 2061 L
1305 2038 1320 2062 4
1339 2038 1406 2062 idem
1426 2037 1498 2060 ΡΜΤ
1612 2040 1679 2067 rogat
1697 2037 1718 2060 L
1843 2037 1858 2061 5
1875 2040 1902 2062 et

281 2083 367 2105 leuans
388 2082 431 2105 LT
535 2083 676 2105 cubiculum
696 2082 716 2105 L
821 2085 879 2106 aute
898 2086 1021 2106 secretum
1041 2080 1160 2114 orationi]
1179 2084 1273 2105 secreta
1292 2082 1401 2105 oratione
1419 2081 1441 2104 L
1545 2080 1560 2104 6
1580 2081 1671 2111 spiritu
1691 2080 1718 2104 Μ
1821 2081 1834 2104 7
1854 2083 1901 2105 tor-

281 2124 374 2157 menta]
393 2132 439 2148 orn.
461 2125 489 2155 G,
512 2129 660 2148 tormentum
682 2126 701 2149 L
805 2127 937 2156 reputabat
957 2126 1114 2149 leuissimum
1134 2125 1194 2155 quid
1217 2125 1237 2147 T
1359 2124 1373 2148 8
1392 2131 1448 2153 neu,
1471 2131 1518 2148 rus.
1541 2131 1554 2147 c
1574 2123 1601 2146 Μ
1713 2125 1828 2149 cubiculo
1850 2124 1870 2148 Τ

282 2167 336 2200 uix]
356 2168 395 2191 uel
418 2168 436 2191 L
564 2169 579 2191 ‘J
599 2176 679 2198 regem
702 2168 719 2191 1.
842 2170 923 2199 potius
943 2177 969 2192 se
990 2169 1018 2199 L,
1041 2176 1066 2191 se
1087 2170 1164 2198 magis
1187 2169 1206 2191 Τ
1337 2167 1366 2191 10
1387 2165 1515 2199 inritatus]
1535 2168 1561 2190 in
1580 2167 1657 2190 tantis
1676 2167 1716 2197 Gl,
1739 2168 1815 2191 tantis
1835 2165 1869 2189 0²

282 2219 322 2241 pro
342 2225 373 2228 —
396 2211 421 2234 11
445 2210 547 2243 inlatas]
566 2219 613 2236 om.
631 2212 650 2234 L
771 2211 797 2235 11
820 2210 936 2244 coniuge]
955 2219 1012 2242 rege
1031 2211 1081 2234 PM
1196 2210 1225 2234 12
1246 2211 1338 2234 retexit
1356 2209 1447 2241 1²²(T),
1469 2210 1565 2239 redegit
1585 2210 1605 2232 L
1721 2210 1751 2234 13
1770 2211 1901 2242 poeniten-

282 2258 330 2276 tem
351 2254 369 2277 L
483 2255 571 2277 ieiunii
592 2252 712 2286 tempore]
731 2261 779 2278 om.
801 2255 822 2278 L
936 2253 1050 2287 mittens]
1070 2255 1185 2278 mittebat
1202 2256 1256 2283 post
1275 2254 1342 2284 piam
1364 2253 1384 2276 Τ
1507 2253 1536 2276 1-1
1556 2253 1698 2277 monacham
1718 2254 1818 2277 nomine
1837 2254 1901 2284 piam

283 2298 326 2320 L'l'
437 2296 488 2329 eui]
508 2298 532 2320 in
555 2296 586 2320 (ΓΞ
711 2298 740 2321 15
760 2299 868 2321 cilicium
889 2299 914 2321 in
933 2299 1010 2321 linteo
1029 2298 1166 2327 sigillatum
1186 2297 1207 2320 L
1333 2296 1362 2320 16
1381 2299 1453 2320 ueste
1471 2296 1538 2325 regia
1558 2296 1609 2319 ΜΟ
1721 2297 1830 2327 portauit
1847 2296 1868 2320 L

282 2338 422 2372 transactis]
441 2344 525 2364 autem
546 2340 602 2364 mld.
628 2341 672 2363 LT
804 2341 831 2364 17
853 2342 872 2364 si
893 2341 913 2364 L
1046 2340 1076 2364 18
1095 2338 1255 2373 defunderet]
1274 2339 1380 2370 ΡΙΜΟῚ,
1401 2340 1552 2363 diffunderet
1572 2339 1636 2369 (LT)
1759 2337 1796 2372 et]
1813 2346 1860 2364 om.
1881 2339 1902 2363 L

285 2383 314 2406 la
333 2384 432 2406 satiaret
455 2384 475 2405 (ι’
599 2384 712 2414 dispectu
735 2384 755 2406 L
884 2384 916 2408 20
936 2382 1057 2416 christus]
1076 2384 1161 2407 christi
1181 2384 1217 2406 illi
1237 2383 1258 2407 L
1378 2384 1404 2406 iu
1423 2380 1525 2415 christo]
1544 2389 1590 2406 om.
1612 2381 1663 2405 ΡΜ
1787 2382 1816 2406 21
1838 2382 1901 2413 quod

284 2425 342 2448 11¹³!
449 2431 573 2456 perageret
594 2427 698 2450 sollicite
718 2427 737 2449 L
845 2430 872 2450 ut
891 2434 954 2457 quae
973 2426 1026 2459 per]
1046 2428 1197 2450 circumiens
1216 2426 1264 2449 PM
1374 2425 1405 2450 22
1425 2424 1486 2458 tota]
1507 2429 1535 2449 ut
1553 2429 1603 2449 tota
1624 2425 1673 2448 ΡΜ
1777 2426 1903 2449 ministrn-

285 2473 328 2492 τοι.
352 2476 393 2499 pro
412 2477 513 2499 quarum
534 2471 606 2493 morti
626 2471 736 2493 serotina
756 2470 775 2493 L
881 2470 913 2493 23
933 2471 997 2500 quod
1017 2478 1042 2493 sc
1061 2471 1091 2493 ad
1110 2477 1222 2493 mansam
1243 2470 1269 2499 (Ἰ)
1290 2476 1334 2492 rex
1354 2469 1492 2499 requireret
1511 2469 1541 2499 L,
1562 2476 1604 2492 rex
1623 2469 1688 2499 qnod
1707 2469 1737 2492 ad
1757 2475 1865 2492 mensam
1886 2467 1906 2491 Τ

284 2511 314 2534 2-1
335 2513 424 2541 satagit
446 2513 464 2535 L
586 2512 611 2545 a]
629 2520 685 2536 cum
707 2513 754 2536 ΡΜ
877 2511 986 2545 uicibus]
1005 2513 1039 2542 cs.
1065 2513 1090 2536 Γ.
1113 2513 1212 2536 Paterni
1231 2520 1252 2536 c.
1275 2514 1289 2535 9
1411 2518 1454 2541 pro
1473 2518 1576 2535 munere
1595 2512 1616 2534 L
1755 2511 1787 2535 25
1806 2512 1831 2535 et
1848 2508 1902 2543 per]

283 2562 329 2578 om.
347 2556 375 2580 L.
396 2563 439 2586 per
456 2556 476 2577 Τ
579 2557 610 2579 26
630 2557 668 2579 dei
689 2557 728 2579 uel
749 2563 792 2586 per
811 2564 836 2579 se
857 2557 896 2579 uel
917 2559 1018 2579 uocatus
1038 2557 1108 2579 uisus
1128 2556 1216 2579 suisset
1230 2562 1353 2578 occurrere
1371 2555 1390 2577 Τ
1493 2562 1534 2584 pro
1549 2554 1649 2584 1³M¹[G)
1757 2557 1903 2584 prouocatus

287 2600 315 2627 li,
338 2602 454 2621 euocatus
475 2600 493 2621 L
613 2599 643 2622 27
664 2603 802 2622 occurreret
822 2598 866 2622 2112
970 2600 1070 2623 uideres
1089 2600 1158 2622 illam
1179 2598 1224 2621 L'I'
1329 2605 1355 2621 se
1374 2595 1490 2629 putabat]
1509 2604 1557 2620 oni.
1578 2597 1623 2620 LT
1727 2598 1831 2621 decursa
1847 2597 1869 2620 L

284 2642 315 2664 2*
336 2649 392 2671 pas-e
414 2642 439 2664 Μ
567 2641 672 2674 intimis]
693 2643 797 2665 thermis
818 2644 843 2665 in
862 2650 910 2672 my.
931 2643 990 2666 add.
1014 2641 1065 2671 2112,
1088 2642 1179 2666 infmis
1202 2641 1221 2663 Τ
1341 2640 1373 2664 29
1393 2644 1417 2663 et
1436 2641 1579 2670 propinabat
1600 2641 1625 2663 in
1644 2638 1740 2672 patera]
1758 2640 1904 2670 propinabat

285 2686 306 2706 vi
327 2688 434 2713 pateram
459 2686 477 2707 '1'
596 2686 627 2707 550
647 2688 697 2708 tota
717 2685 770 2712 Pri,
790 2694 836 2709 orn.
855 2685 881 2708 Μ
1011 2685 1039 2709 31
1063 2683 1230 2716 adipiscendi]
1252 2683 1351 2714 1’1510‘1,
1373 2684 1490 2707 instituta
1509 2685 1572 2706 eirea
1591 2683 1748 2713 dispicienda
1767 2683 1853 2706 mundi
1871 2682 1901 2712 L,

284 2727 443 2756 adipiscenda
477 2728 504 2756 T>
647 2728 678 2751 :52
699 2727 823 2760 uenisset]
842 2730 967 2759 pres-[mer
986 2733 1029 2752 aut
1048 2728 1106 2751 add.
1129 2728 1148 2750 L
1283 2728 1307 2749 in
1327 2730 1428 2757 aspectu
1449 2740 1479 2743 —
1499 2726 1530 2749 33
1551 2724 1688 2758 relaxabat]
1705 2733 1766 2756 quos
1785 2727 1824 2749 uir
1842 2725 1903 2749 deus

286 2771 399 2792 lecim-..ti
420 2778 574 2793 remunerare
595 2771 691 2793 laxabat
715 2771 733 2793 L

1918 691 1946 711 10

1919 949 1947 969 15

1918 1206 1948 1227 2⁰

1919 1464 1949 1485 25

1919 1722 1949 1743 3⁰
