2038 3036
499 109 521 136 Ι.
549 110 669 137 INDEX
688 112 970 140 GRAMMATICAE
990 115 1039 141 ΕΤ
1058 116 1312 143 ELOCVTIONIS.

130 205 152 227 V
171 204 195 234 5,
211 204 242 228 37
263 205 341 235 sapiat
360 205 450 228 maiora
468 205 586 229 Iuventae
622 206 657 229 VI
673 206 694 235 1,
711 206 742 230 82
762 208 826 230 nulli
846 209 891 231 mi-

130 245 173 262 nor
208 239 244 261 IX
264 239 288 267 2,
310 238 341 262 37
367 239 407 262 cui
432 240 517 262 nullus
542 240 618 262 maior
639 241 752 264 habetur.
777 255 811 258 —
835 250 890 265 cum

128 273 235 302 yenetivo
254 280 321 303 spur.
339 272 360 303 1,
378 273 409 296 415
428 276 466 296 est
485 274 565 296 minor
584 274 643 297 inde
661 275 739 303 patris
761 275 830 304 (patri
848 276 886 305 (1⁹2)

96 308 230 336 compassio
249 307 272 329 V
285 307 308 336 G,
331 307 340 330 l
362 314 431 330 meae
450 308 635 337 compassionis,
657 312 753 332 vestrae
771 311 890 333 mercedis

129 348 215 364 causas

96 375 266 405 compendium
286 375 335 398 VM
354 376 365 398 1
386 375 417 398 80
436 375 514 399 hostis
533 376 678 407 compendia
696 379 804 400 tractans
840 377 888 401 393

128 410 220 432 tribuat
239 410 381 438 compendia
400 410 464 433 vitae

95 452 248 481 compingere
266 452 341 474 alicui
360 452 453 481 aliquid
472 452 533 481 114,
549 452 563 475 2
583 453 653 475 vitali
672 455 749 476 terrae
763 455 888 483 conpingit

127 487 250 515 sanguine
269 486 364 514 gluten.
390 499 423 502 ——-
448 489 589 516 compactus
608 488 646 509 III
665 487 689 517 4,
712 487 726 510 3
748 489 819 517 qnasi
838 489 888 512 soso

127 520 255 543 Pindarico
273 523 406 549 conpactus
425 521 600 550 tetrastrophos
631 522 654 543 V
670 521 692 549 1,
708 521 722 544 3
736 523 843 551 epistula
855 536 888 539 —

126 557 176 577 arte
190 556 306 583 conpacta
337 554 399 577 VIII
412 554 452 583 21,
472 554 481 578 1
503 556 600 584 egregio
620 559 744 584 compacta
763 557 813 579 situ
836 557 887 586 (pa-

125 588 189 617 gina)
234 588 283 610 VM
303 589 326 610 II
346 588 394 612 262
420 592 543 618 compacta
569 589 648 612 choris
672 590 787 613 Davitica
811 598 887 613 canna

127 623 231 645 resultat
267 623 302 645 IV
324 622 371 646 174
390 626 515 652 compacta
533 624 589 652 gelu

92 665 227 694 compitum
252 666 375 694 compitus
399 666 437 688 III
457 667 481 694 4,
503 665 517 688 3
543 673 586 695 per
610 673 750 689 sermonum
775 668 886 696 conpitos

131 699 252 729 (conpetos
271 700 308 722 vel
329 702 451 728 competos
471 700 532 730 opt.)
572 700 595 729 S,
612 700 643 723 39
662 708 706 730 per
719 702 818 730 conpita
831 709 886 724 cur-

124 734 157 756 ris
180 732 222 763 (M,
245 735 348 763 conpeta
367 734 403 756 vel
421 737 532 764 competa
550 735 614 763 reli.)
657 734 695 765 lS,
714 735 741 758 11
762 742 807 764 per
820 743 885 759 com-

123 768 175 798 pita
194 770 282 790 cuncta
304 768 425 797 (competa
444 768 559 796 DGlBL)

91 802 219 832 complecti
236 803 332 830 passive
351 802 387 824 VI
408 802 429 832 1,
447 802 477 825 53
498 803 624 832 complexa
643 804 729 826 marito
765 803 790 833 4,
812 803 827 827 9
846 805 886 827 cui

124 839 152 859 tu
171 836 297 865 complexa
315 836 407 859 videris
443 836 479 859 XI
494 836 516 866 1,
535 837 545 860 1
567 838 645 860 multa
663 838 690 860 in
704 838 812 866 symbolo
825 845 886 868 pau-

122 871 157 893 cis
176 871 256 893 verbis
276 871 403 900 complexa
421 874 481 893 sunt

89 905 208 934 completa
227 905 265 927 XI
277 904 318 934 24,
337 904 346 928 l
369 906 390 928 si
409 912 457 928 non
477 905 612 935 conplestis
631 906 696 935 quod
716 906 755 929 liic
773 907 886 936 conpleta

123 941 221 961 vocatur

89 980 232 1003 componere
251 976 331 997 neutr.
353 973 403 996 VM
421 974 445 996 II
466 973 480 996 2
499 974 558 996 dum
577 974 680 1003 pelagus
699 976 823 1003 componit

88 1008 240 1036 compositio:
260 1009 351 1031 voculis
369 1008 434 1031 verbi
452 1015 502 1031 non
521 1009 658 1031 inmutatus
676 1009 708 1038 cf.
731 1016 744 1031 e
763 1011 784 1031 et
803 1010 824 1037 i,
847 1016 886 1032 re-

123 1041 236 1064 claudere
255 1043 418 1071 adquaerere,
438 1049 550 1072 praepos.
571 1042 660 1065 adsim.

87 1076 276 1105 comprendere:
296 1079 389 1106 passim
408 1077 615 1106 comprehendere
633 1078 751 1106 scriptum
767 1078 799 1106 (II
814 1077 837 1108 7,
856 1077 885 1100 19

121 1110 208 1139 ADR;
229 1109 253 1140 S,
278 1110 306 1134 13
328 1111 362 1138 P;
383 1112 420 1134 III
441 1110 480 1141 17,
502 1110 516 1133 8
536 1111 592 1140 ΒΕ)

87 1151 250 1174 compungere
275 1145 299 1167 V
317 1145 341 1174 6,
363 1144 377 1168 2
404 1146 591 1174 suggestionem
609 1159 643 1162 —
662 1146 771 1169 blandito
789 1146 883 1175 ploratu

120 1182 284 1208 conpunctam
804 1178 807 1181 ’

88 1216 229 1242 computare
248 1215 264 1237 i.
281 1222 301 1243 q.
323 1216 410 1243 putare
429 1214 478 1236 VM
497 1214 534 1236 III
552 1213 598 1237 132
618 1221 644 1237 se
662 1214 740 1236 inridi
759 1217 885 1244 computat

120 1247 183 1270 alter

87 1282 245 1310 concaptivus
264 1282 287 1304 V
307 1282 330 1311 6,
354 1281 363 1304 1
387 1282 531 1311 concaptivo
550 1289 603 1305 meo

86 1319 245 1339 concatenare
270 1317 293 1339 V
314 1316 336 1346 1,
360 1316 369 1339 1
391 1316 530 1339 alternante
554 1317 601 1339 sibi
627 1317 780 1340 concatenati
800 1318 884 1340 dulce-

121 1350 179 1373 dine
216 1351 239 1373 X
261 1351 281 1379 l,
307 1350 316 1373 1
345 1353 442 1381 creptos
467 1351 497 1373 de
522 1352 689 1374 concatenatis
714 1352 802 1374 mundi
821 1359 883 1375 nau-

120 1385 204 1413 fragiis

86 1419 176 1442 concha
195 1419 244 1442 VM
263 1419 299 1442 IV
312 1418 344 1442 40
364 1426 438 1442 conca
457 1421 516 1449 opt,
538 1426 598 1442 cona
617 1420 669 1442 rell.

120 1460 193 1476 conca
211 1453 281 1476 codd.

86 1488 276 1511 conciliabulum
296 1487 345 1510 VM
358 1488 368 1510 1
383 1487 432 1511 206
453 1488 556 1510 urbibus
576 1495 606 1510 ex
627 1488 730 1518 reliquis
749 1495 811 1511 nova
824 1496 882 1511 con-

118 1522 236 1545 ciliabula
255 1524 357 1545 currunt

87 1557 196 1580 concivis
215 1557 236 1579 V
249 1557 273 1583 o,
289 1557 303 1580 4
323 1556 491 1579 lamentabilis
510 1556 619 1579 concivis
638 1559 687 1579 tam
702 1557 796 1579 iactura
809 1564 882 1586 quam

118 1591 196 1620 patria
231 1591 279 1613 VII
302 1591 325 1619 7,
347 1590 377 1614 61
404 1592 470 1613 inter
496 1591 609 1614 concives
634 1592 727 1614 meruit
752 1594 776 1613 te
802 1592 883 1614 Gallia

119 1625 203 1647 lumen
243 1624 280 1654 14,
303 1624 317 1647 9
336 1626 402 1648 inter
421 1626 533 1648 concives
553 1626 640 1648 merito
660 1626 703 1655 qui
717 1626 801 1648 clarior
814 1629 883 1649 extat

123 1660 158 1682 ῙΧ
180 1659 218 1688 13,
236 1660 250 1682 9
269 1660 333 1682 clero
352 1662 378 1682 et
396 1660 539 1682 concivibus

86 1703 243 1725 concomitari
262 1702 322 1724 VIII
342 1701 365 1731 3,
390 1701 437 1725 158
458 1702 569 1725 Caesario
587 1703 765 1725 concomitante
784 1710 828 1726 suo

86 1737 287 1765 concupiscentia
308 1737 330 1759 X
345 1736 367 1763 2,
387 1736 416 1759 16
435 1740 492 1759 tuae
512 1739 583 1759 natae
603 1737 684 1766 qualis
701 1738 727 1759 in
741 1738 810 1760 corde
825 1745 883 1760 con-

118 1771 271 1800 cupiscentia
290 1771 398 1793 latitavit

86 1811 228 1828 concurrere
247 1805 276 1827 de
293 1805 395 1834 sinyulis
414 1805 506 1828 dictum
532 1806 541 1827 I
561 1805 585 1834 2,

120 1840 199 1862 sancti
218 1840 342 1862 concurris
361 1840 448 1862 limina
468 1840 555 1870 templi

86 1873 168 1896 Conda
192 1874 316 1897 Condanis
342 1874 389 1896 VII
418 1873 456 1902 11¹»,
478 1873 492 1896 2
518 1874 601 1897 Conda
645 1875 683 1897 tit.
709 1875 738 1896 de
765 1874 882 1897 Condane

123 1907 214 1936 [Conda
234 1908 284 1937 BL)

85 1942 201 1965 condecet
220 1942 242 1964 V
257 1943 280 1971 5,
296 1942 310 1966 2
330 1943 447 1965 condecet
465 1945 494 1965 ut
512 1949 608 1971 semper
628 1943 681 1965 laus
699 1944 750 1971 tua,
772 1942 879 1971 Christe,

119 1979 189 1999 sonet
231 1977 293 1999 VIII
312 1977 336 2006 3,
360 1976 392 1999 80
417 1977 533 2000 condecet
552 1977 592 1999 hic
611 1977 686 1999 simili
707 1984 804 1999 currere
828 1977 881 2005 lege

119 2018 183 2033 viam

85 2045 193 2068 condicio
222 2046 257 2068 IX
278 2045 307 2074 2,
332 2045 341 2068 1
363 2045 414 2067 PM
448 2052 503 2074 app,
528 2045 555 2074 1,
580 2045 589 2067 1
613 2045 636 2067 Σ

118 2079 142 2101 Χ
161 2079 184 2109 2,
208 2079 232 2107 1,
255 2080 279 2107 4,
301 2081 315 2102 3

87 2113 214 2136 condolere
233 2114 267 2136 VI
281 2114 305 2143 5,
321 2113 370 2136 349
389 2114 501 2137 condolet
514 2114 571 2136 hinc
586 2114 701 2141 Batavus,
723 2115 800 2142 gemit
812 2115 881 2137 illinc

118 2147 234 2171 Baeticus
253 2149 307 2171 axis
344 2149 406 2171 VIII
427 2148 449 2177 3,
472 2148 520 2171 255
539 2148 652 2171 condolui
673 2149 764 2176 pariter

84 2185 181 2205 conecto
200 2185 317 2206 connecto
337 2183 357 2204 V
377 2184 400 2212 (i,
424 2183 454 2206 lo
474 2183 580 2206 connexi
599 2182 644 2205 AB
680 2183 715 2205 Vl
737 2182 757 2210 1,
776 2182 823 2206 119
843 2182 881 2205 ci)-

119 2215 220 2249 nexuit]
239 2218 377 2240 connexuit
396 2217 441 2239 LR

85 2251 206 2274 confluere
224 2252 236 2274 Ι
258 2251 296 2280 16,
319 2252 350 2274 55
370 2252 500 2275 confluunt
518 2265 551 2267 —
570 2251 658 2280 gandia

86 2294 196 2316 confluus
215 2294 237 2317 X
250 2294 274 2324 9,
289 2293 320 2317 47
341 2295 415 2317 venio
434 2301 482 2323 qua
495 2301 521 2317 se
535 2294 583 2317 duo
598 2294 699 2317 llumina
712 2295 810 2317 conflua
822 2295 879 2317 iun-

119 2330 181 2356 gunt

85 2363 212 2385 confovere
230 2363 268 2385 III
291 2362 328 2392 13,
352 2363 367 2385 9
387 2363 452 2386 fetus
471 2363 511 2393 pia
530 2365 607 2385 mater
626 2363 731 2385 hirundo
748 2361 751 2394 Ι
768 2364 880 2386 confovet

86 2397 214 2425 confragus
232 2398 267 2419 XI
287 2397 328 2425 25,
353 2396 382 2420 19
401 2404 444 2426 per
463 2399 579 2425 confraga
597 2404 723 2419 murmura
741 2398 812 2426 ponti

86 2431 237 2459 congaudere
256 2432 292 2454 III
311 2431 348 2461 12,
367 2431 395 2454 13
415 2433 494 2454 cernit
513 2432 645 2460 frugiferos
665 2432 822 2460 congaudens
840 2432 880 2454 in-

118 2465 169 2488 cola
183 2466 262 2488 sulcos
281 2466 316 2488 IV
329 2466 370 2495 26,
387 2466 432 2489 134
447 2466 601 2495 congaudent
614 2467 719 2488 nimium
734 2473 759 2488 se
773 2467 880 2488 caruisse

118 2500 179 2522 mori
214 2500 263 2522 VM
283 2500 306 2522 II
329 2499 376 2523 158
395 2501 552 2529 congaudens
571 2501 647 2522 ubere
666 2501 727 2522 ssctu

85 2539 216 2561 congruere
234 2534 327 2563 aliquid
347 2535 383 2557 ΙΧ
396 2534 420 2564 9,
436 2535 466 2557 27
488 2535 569 2557 Rheni
586 2535 700 2563 congruis
714 2542 798 2557 amnes
814 2535 881 2563 (con-

119 2574 190 2596 grues
209 2569 288 2591 amnis
307 2568 387 2596 codd.)

85 2602 194 2624 conicere
213 2603 271 2632 quia
290 2603 312 2625 Χ
326 2602 348 2632 2,
368 2602 397 2626 16
416 2603 522 2632 potestis
541 2605 624 2626 autem
644 2603 753 2626 conicere
773 2604 831 2632 quia
844 2605 880 2625 ta-

119 2635 167 2658 lem
187 2643 234 2659 non
255 2637 360 2666 tolleret,
383 2638 433 2660 nisi
453 2644 472 2660 e.
495 2645 518 2666 q.
540 2644 557 2660 s.

84 2671 222 2699 coniuyatio
243 2673 265 2694 l.
287 2673 309 2694 et
328 2673 351 2694 4.
373 2671 408 2699 cf.
429 2672 521 2695 limite.
535 2685 569 2688 —
589 2672 612 2694 ’2.
633 2673 655 2694 et
677 2673 701 2694 3.
723 2671 757 2700 cf.
779 2672 882 2694 candere

117 2705 198 2728 fovere
217 2705 324 2728 inridere
343 2706 448 2729 miscere
466 2706 575 2735 pendere
594 2707 720 2728 resorbere
741 2707 826 2729 sedere
840 2714 881 2728 ur-

118 2745 201 2766 guere.
222 2753 256 2756 -—
275 2740 401 2763 consulere
422 2740 505 2763 fodere
525 2740 607 2763 furere
629 2740 740 2764 inlicere.
762 2753 795 2757 -—
815 2741 838 2763 2.
860 2743 881 2763 et

709 1427 777 1449 spur.
796 1420 816 1450 1,
834 1420 882 1444 2:55

610 1804 619 1828 1
641 1806 755 1835 quisquis
774 1807 803 1828 ad
823 1806 883 1829 haec

677 2045 784 2068 conditio
809 2045 878 2069 codd.

1653 124 1713 152 395

953 212 976 233 4.
992 210 1026 239 cf.
1042 211 1151 235 insidere
1164 219 1256 241 parere.
1273 226 1306 230 —
1318 214 1431 236 fastidire
1446 215 1550 238 resilire.
1566 228 1598 232 —-
1611 217 1636 239 3.
1652 219 1673 239 et
1689 220 1712 241 4.

952 244 987 272 cs.
1008 252 1140 269 accersere.
1161 259 1195 262 —
1212 247 1315 270 lambire
1426 247 1427 250 ’

918 280 1088 301 coniwzctivus
1104 287 1149 308 pro
1167 288 1218 304 acc.
1239 288 1258 304 c.
1280 282 1327 311 inf.
1350 282 1385 304 111
1400 282 1423 311 4,
1441 281 1454 305 3
1474 283 1601 306 credebam
1615 297 1648 300 —
1667 286 1713 307 ssu-

952 313 1033 335 xisset
1051 314 1125 336 oratio
1162 315 1183 336 V
1200 314 1220 344 1,
1240 315 1249 338 1
1271 316 1456 339 admodulanter
1474 317 1585 340 indicans
1598 331 1632 334 —
1651 319 1712 342 deus

952 347 1090 375 plantasset
1109 348 1222 376 Elysium
1256 349 1294 377 14,
1313 349 1342 372 13
1362 357 1387 373 se
1402 351 1509 374 voluisse
1523 351 1579 374 darc
1593 355 1617 375 et
1631 353 1713 375 iuran-

952 382 989 403 tes
1009 382 1095 404 ordine
1114 384 1191 405 testes
1208 383 1211 412 Ι
1229 385 1329 407 nomine
1349 391 1473 414 quemque
1492 388 1581 409 tenens
1595 394 1639 409 nec
1658 394 1714 416 po-

952 415 1079 438 tuisset
1104 423 1179 444 egens
1215 418 1237 440 Χ
1257 418 1280 447 3,
1301 418 1316 441 4
1336 421 1464 448 sperantes
1483 433 1516 436 —
1535 422 1713 445 commendetis

951 448 984 477 cf.
1006 449 1055 471 VM
1073 450 1109 472 IV
1129 450 1177 473 289

917 483 1007 504 coniux
1025 490 1076 506 non
1096 485 1204 507 coniunx
1224 487 1309 513 optimi
1327 486 1378 514 fere
1400 487 1418 513 (1
1440 487 1478 515 15,
1502 488 1532 511 94
1570 489 1604 511 IV
1624 489 1665 518 20,
1682 490 1709 519 5;

951 515 992 546 25,
1014 516 1041 545 93
1063 517 1102 545 213,
1126 518 1169 548 69,
1195 520 1229 541 VI
1253 520 1286 545 1³,
1309 519 1340 542 29
1354 520 1407 549 ete.)

916 550 1021 573 conlatio
1040 551 1063 573 Χ
1082 552 1106 580 4,
1129 552 1142 575 3
1162 554 1242 575 tristis
1261 554 1367 576 conlatio
1387 558 1530 578 nasceretur
1549 564 1578 579 ex
1601 558 1658 580 fletu

916 585 1031 613 conqueri
1045 593 1110 614 pass.
1126 587 1147 609 X
1160 586 1183 615 2,
1198 586 1211 609 S
1225 588 1284 616 quid
1298 592 1461 617 conqueratur
1474 590 1504 612 de
1518 591 1621 620 reliquis
1638 591 1679 620 (cf⁴
1696 591 1711 623 ᾗ

950 619 964 641 9
985 621 1057 641 natae
1076 633 1109 636 -
1128 622 1259 643 transitum
1279 623 1449 651 conqueraris;
1473 623 1502 646 12
1522 632 1551 646 an
1571 628 1635 648 certe
1652 633 1709 649 ron-

950 654 1061 681 quereris
1099 653 1128 677 14
1148 656 1259 684 quamvis
1278 657 1442 686 conqueraris)

915 688 1116 715 consanguinitas
1135 696 1191 718 app.
1208 688 1230 718 3,
1248 689 1275 713 31
1298 697 1347 712 non
1367 691 1416 713 fuit
1433 698 1463 713 ex
1477 692 1548 720 longa
1561 696 1708 722 consangui-

948 721 1027 743 nitate
1046 723 1203 752 propinquus

914 765 1049 786 consecutio
1069 766 1218 794 temporum:
1245 773 1325 794 praes.
1345 769 1367 789 et
1386 767 1457 796 impf.
1484 769 1559 796 praef.
1582 769 1597 791 4
1617 770 1709 793 viritim

949 798 1055 827 flagitas,
1076 801 1149 821 ut—
1163 801 1295 828 proferrem
1326 801 1349 822 II
1364 800 1386 829 7,
1404 801 1434 824 24
1455 804 1480 824 et
1497 803 1619 832 stimulat,
1641 806 1710 828 lieret

949 838 980 853 ne
999 833 1057 860 fuga
1076 833 1142 855 tarda
1155 835 1202 856 feri
1222 834 1296 863 1119,
1313 834 1344 857 98
1364 836 1444 857 bestia
1457 843 1488 858 ne
1501 840 1606 866 raperet,
1629 840 1711 861 munit

948 866 1012 889 ovile
1026 866 1065 889 dci
1093 867 1116 888 V
1130 867 1154 892 5,
1171 867 1215 896 78,
1236 867 1260 896 6,
1278 868 1290 890 7
1311 875 1353 891 cur
1367 876 1414 891 non
1429 882 1463 885 —
1477 871 1626 894 misceantur
1640 875 1709 895 utra—

949 907 1012 929 que,
1037 902 1065 923 ut
1084 901 1205 924 ordiretur
1224 909 1273 924 una
1293 903 1342 925 tola
1361 904 1435 925 simul
1454 905 1536 933 poesis
1556 908 1580 927 et
1598 907 1709 935 pictura?

949 934 963 956 9
983 941 1039 956 cura
1058 942 1210 958 commoveor
1228 939 1257 958 ut
1275 950 1309 952 —
1327 937 1469 965 legerentur
1502 938 1530 961 14
1551 940 1616 962 unde
1636 941 1663 963 fit
1682 944 1709 964 ut

949 975 974 990 se
994 969 1064 992 finito
1083 977 1155 992 versu
1174 971 1259 993 littera
1278 978 1325 993 non
1345 972 1429 994 finiret
1466 972 1487 995 Χ
1508 972 1529 1002 1,
1550 973 1580 996 52
1601 975 1633 996 sit
1652 978 1708 997 tcx-

948 1004 997 1031 tus,
1020 1006 1048 1026 ut
1066 1017 1099 1020 -
1118 1007 1263 1034 peterentur
1299 1005 1323 1035 2,
1344 1005 1374 1028 lo
1394 1012 1424 1028 ne
1443 1010 1566 1035 repugnet
1580 1021 1610 1024 —
1624 1009 1709 1032 timuit

949 1036 971 1063 6,
996 1036 1040 1060 121
1063 1038 1120 1060 dum
1140 1039 1238 1061 caderet
1256 1053 1288 1055 —
1308 1040 1382 1067 arbor,
1404 1038 1406 1071 Ι
1425 1047 1479 1063 mox
1500 1042 1559 1064 facit
1579 1042 1632 1071 ipse
1652 1050 1708 1065 cru-

948 1078 1010 1100 ccm,
1031 1085 1065 1088 —
1084 1073 1149 1095 redit
1184 1081 1240 1102 app.
1257 1073 1298 1103 24,
1314 1074 1328 1096 5
1348 1075 1369 1097 si
1381 1087 1415 1090 —
1434 1075 1522 1102 velint,
1542 1073 1546 1107 Ι
1563 1083 1601 1098 nic
1614 1090 1647 1093 —
1660 1078 1710 1099 fer-

948 1108 1003 1128 rcnt
1039 1106 1088 1129 VM
1106 1107 1117 1129 I
1138 1106 1168 1130 72
1188 1108 1295 1137 imperat
1314 1110 1342 1131 ut
1360 1122 1393 1125 —
1412 1111 1497 1132 toneat
1513 1108 1516 1140 Ι
1533 1118 1559 1132 ac
1571 1123 1604 1126 —
1620 1118 1708 1141 prope-

948 1143 1013 1162 raret
1049 1140 1080 1163 93
1100 1142 1163 1170 quod
1178 1144 1304 1171 peteretur
1319 1143 1367 1165 iter
1379 1144 1479 1172 quaerit
1515 1143 1563 1167 299
1583 1152 1668 1168 rursus
1682 1149 1709 1168 ut

946 1187 980 1190 —
993 1178 1102 1204 cuperet,
1120 1174 1245 1206 l—vctat
1263 1176 1308 1199 401
1323 1177 1379 1199 dum
1395 1178 1509 1205 mitteret,
1523 1179 1579 1201 infit
1602 1179 1651 1202 475
1666 1180 1710 1202 im-

947 1211 1015 1238 porat
1034 1212 1060 1231 ut
1081 1210 1165 1239 prodat
1185 1212 1205 1233 si
1224 1211 1311 1233 nuntia
1335 1218 1392 1233 vera
1419 1215 1533 1240 vagarent
1562 1214 1648 1241 (potuit
1668 1222 1709 1236 va-

947 1244 1045 1272 gentur)
1078 1243 1148 1267 1110
1166 1245 1253 1267 mercis
1273 1252 1334 1268 onus
1355 1252 1430 1268 suave
1450 1248 1496 1274 est,
1517 1248 1564 1270 etsi
1578 1247 1709 1271 veheretur

946 1277 972 1299 in
992 1277 1061 1300 ulnis
1081 1280 1103 1300 et
1119 1280 1221 1307 passim.
1240 1293 1275 1295 —
1293 1280 1315 1301 V
1330 1279 1353 1307 5,
1370 1279 1397 1302 71
1421 1280 1480 1303 haec
1498 1282 1540 1310 pia
1559 1282 1630 1304 verba
1650 1283 1708 1305 viris

947 1311 1002 1334 miti
1021 1312 1092 1335 dedit
1109 1320 1149 1335 ore
1169 1313 1296 1339 sacerdos,
1321 1313 1325 1344 Ι
1346 1316 1374 1336 ut
1393 1315 1441 1336 sibi
1460 1321 1506 1343 quo
1526 1316 1602 1338 libeat
1621 1317 1710 1339 semita

947 1346 1027 1369 cordis
1047 1349 1086 1369 eat
1117 1347 1139 1369 X
1155 1346 1175 1375 1,
1194 1347 1221 1370 21
1244 1348 1273 1370 ob
1293 1348 1337 1371 hoc
1356 1349 1485 1371 evacuavit
1499 1349 1611 1372 Tartaros
1628 1353 1656 1373 ut
1670 1358 1707 1373 re-

946 1381 1015 1409 pleat
1034 1381 1112 1403 caelos
1143 1382 1167 1409 6,
1183 1381 1214 1404 (55
1234 1385 1342 1411 quantus
1356 1389 1422 1405 amor
1434 1396 1467 1399 -—
1481 1384 1575 1406 calebat
1591 1382 1595 1415 Ι
1611 1386 1707 1413 quando

947 1422 1044 1437 venena
1063 1418 1151 1444 potens
1170 1416 1225 1445 ipsa
1244 1419 1368 1446 retorquet
1387 1418 1457 1446 aquis
1494 1418 1542 1440 VM
1557 1418 1641 1441 11237
1663 1420 1705 1441 sed

946 1448 1043 1471 Clarum
1058 1452 1086 1472 ut
1099 1450 1182 1472 credat
1195 1457 1239 1473 nec
1253 1448 1336 1480 opinio
1350 1451 1413 1473 falsa
1432 1452 1554 1474 movebat.
1575 1465 1608 1468 —
1624 1460 1707 1481 praes,

944 1485 965 1505 ez
982 1483 1095 1512 plusqpf.
1118 1484 1191 1513 V15,
1209 1484 1239 1507 54
1259 1492 1357 1514 quaque
1370 1486 1477 1514 petisses
1490 1486 1546 1514 iter,
1568 1493 1614 1509 vox
1629 1489 1708 1515 gravis

945 1524 994 1540 una
1007 1518 1083 1545 gemit
1113 1518 1135 1540 X
1151 1518 1173 1548 4,
1191 1518 1205 1541 5
1221 1519 1279 1541 licet
1298 1519 1442 1542 festinasset
1461 1521 1486 1542 in
1505 1521 1638 1544 iuventute
1658 1528 1709 1544 sors

944 1552 1035 1579 debita,
1058 1554 1141 1575 tamen
1160 1555 1199 1575 est
1217 1553 1359 1576 innocentia
1378 1560 1463 1576 secura
1483 1554 1513 1576 (le
1532 1556 1612 1583 palma
1649 1563 1706 1585 app.

948 1585 969 1613 1,
992 1585 1039 1608 124
1059 1594 1101 1609 cur
1121 1600 1153 1603 —
1172 1589 1237 1609 taces
1254 1586 1257 1619 Ι
1274 1588 1382 1616 qualiter
1399 1601 1433 1604 ——
1455 1589 1586 1611 cecidisset
1607 1587 1610 1620 Ι
1631 1597 1707 1619 oppo-

945 1621 1043 1649 sitaque
1067 1621 1114 1643 fide
1133 1624 1219 1651 raptus
1238 1622 1268 1644 ab
1287 1622 1344 1644 orbe
1363 1623 1429 1644 suit?
1457 1635 1489 1638 —
1517 1622 1550 1651 cf.
1573 1625 1708 1652 temporum

944 1655 1056 1683 ἰἀτίαἰίο,
1077 1655 1135 1678 dum
1155 1656 1198 1678 ull.

911 1697 1070 1720 consobrinus
1095 1699 1262 1721 consubriuus
1290 1699 1323 1720 VI
1350 1698 1374 1727 2,
1402 1698 1433 1722 215
1461 1701 1610 1722 consubrino
1637 1701 1704 1725 codd.

943 1734 1038 1759 praeter
1060 1732 1080 1754 G

911 1766 1060 1788 consolidare
1086 1768 1096 1789 I
1119 1766 1155 1795 ll,
1178 1766 1210 1790 24
1235 1767 1312 1790 donec
1332 1768 1380 1790 rite
1399 1775 1506 1797 sequens
1525 1769 1703 1792 consolidasset

945 1807 1007 1829 opus
1044 1801 1079 1822 ΙΧ
1100 1800 1139 1830 15,
1161 1801 1175 1824 4
1200 1808 1248 1830 quo
1268 1808 1349 1830 neque
1368 1802 1430 1824 rima
1454 1804 1522 1831 patet
1540 1804 1707 1827 consolidante

945 1841 1028 1857 manu.
1056 1847 1090 1851 -—
1115 1835 1282 1858 consolidatus
1309 1837 1331 1858 lI
1352 1835 1374 1864 S,
1398 1836 1429 1858 »12
1454 1839 1480 1859 et
1499 1837 1572 1859 micet
1590 1839 1707 1861 ambobus

945 1869 1110 1891 consolidatus
1129 1876 1195 1892 amor
1231 1870 1267 1892 III
1284 1869 1324 1899 28,
1341 1870 1355 1893 (J
1375 1871 1446 1893 cuius
1466 1871 1490 1893 in
1510 1872 1599 1894 affectu
1619 1879 1704 1895 conso-

945 1903 1037 1925 lidatus
1056 1910 1112 1932 agor

910 1937 1071 1959 consolidator
1090 1938 1100 1960 I
1120 1937 1160 1967 20,
1182 1937 1213 1961 22
1233 1938 1437 1961 consolidatorem
1457 1941 1481 1961 te
1499 1940 1611 1962 cecinere
1634 1948 1705 1963 suum

911 1972 1059 2001 conspicuus
1080 1973 1133 2001 1211.
1154 1972 1258 1995 celebris
1278 1973 1287 1994 l
1310 1972 1347 2001 10,
1367 1972 1374 1995 1
1398 1974 1506 1996 culmina
1525 1975 1652 2003 conspicui
1666 1982 1705 1997 ra-

945 2006 1015 2028 diant
1035 2006 1174 2029 veneranda
1194 2006 1283 2029 Nazari

910 2050 1021 2070 constare
1047 2049 1095 2070 VII
1119 2048 1156 2077 14,
1181 2048 1211 2071 111
1234 2057 1307 2078 quem
1328 2050 1421 2072 vidisse
1440 2051 1499 2073 mihi
1520 2052 1632 2074 constitit
1651 2059 1706 2074 csse

943 2082 1025 2105 cibum
1065 2083 1125 2105 VIII
1146 2084 1169 2111 25,
1189 2082 1219 2105 57
1240 2091 1303 2112 quae
1322 2085 1373 2106 filia
1392 2087 1489 2107 constas
1526 2086 1559 2107 ΙΧ
1578 2085 1597 2114 l,
1614 2087 1646 2107 99
1665 2087 1706 2108 cui

943 2117 1018 2139 simul
1038 2124 1103 2139 arma
1122 2118 1208 2140 favent
1227 2121 1251 2140 et
1270 2118 1353 2140 littera
1372 2121 1468 2141 constat
1482 2126 1561 2141 amore
1593 2120 1615 2147 7,
1632 2119 1662 2142 231
1681 2123 1705 2141 ct

943 2151 1002 2173 satis
1016 2153 1130 2174 constent
1143 2158 1255 2174 resonare
1275 2154 1362 2181 paucis
1378 2151 1381 2183 Ι
1398 2155 1476 2175 metra
1495 2154 1577 2182 poetis
1614 2154 1647 2175 ΧΙ
1667 2153 1704 2183 16,

946 2184 975 2207 lo
994 2185 1097 2208 alterius
1117 2186 1213 2208 facinus
1234 2194 1264 2209 ne
1278 2187 1339 2209 mihi
1353 2190 1448 2210 constet
1462 2195 1524 2210 onus
1560 2195 1617 2217 app,
1634 2188 1656 2216 2,
1673 2189 1705 2210 98

944 2221 971 2241 ut
989 2220 1035 2242 tibi
1054 2222 1150 2243 constet
1170 2227 1233 2250 apex

909 2263 1094 2285 construiturus
1119 2263 1143 2285 II
1163 2262 1186 2292 9,
1209 2262 1240 2286 (54
1260 2263 1345 2285 horrca
1363 2264 1563 2292 quandoquidem
1582 2266 1707 2286 construi-

944 2298 1000 2318 tura
1017 2296 1057 2318 dci
1094 2297 1131 2319 III
1152 2298 1174 2325 9,
1198 2296 1228 2319 25
1249 2298 1417 2320 construitura
1435 2298 1503 2321 favos
1522 2305 1580 2326 apos

908 2330 1039 2352 consulore
1064 2331 1100 2353 ΙΧ
1120 2330 1143 2359 2,
1165 2330 1197 2354 89
1222 2332 1350 2354 consuleas
1375 2332 1487 2354 dominae
1528 2332 1560 2354 96
1579 2333 1706 2355 consulens

943 2365 1051 2393 genitae,
1074 2365 1201 2388 consuleas
1222 2367 1316 2395 patriae

908 2399 1036 2421 consulere
1056 2400 1071 2421 ἰ.
1090 2407 1111 2428 q.
1126 2400 1244 2422 consolari
1264 2400 1299 2422 IV
1314 2400 1337 2427 5,
1354 2400 1367 2422 5
1388 2401 1506 2428 populum
1520 2406 1576 2428 spcs
1588 2402 1702 2422 consulat

943 2433 986 2455 illa
1022 2434 1083 2455 VIII
1105 2433 1128 2463 3,
1150 2433 1198 2456 254
1223 2435 1392 2456 consuliturus
1412 2435 1434 2456 ci
1453 2441 1526 2462 saepe
1545 2434 1618 2456 simul
1640 2435 1703 2456 iacui

943 2474 998 2496 app.
1024 2466 1044 2497 l,
1064 2466 1110 2490 156
1129 2475 1174 2490 nec
1194 2469 1229 2490 sic
1248 2469 1313 2490 laesa
1333 2470 1375 2490 tuo
1394 2469 1506 2490 consulor
1525 2468 1631 2497 alloquio
1662 2468 1702 2497 21,

946 2501 975 2523 10
995 2501 1059 2530 quod
1079 2508 1117 2524 mc
1137 2503 1271 2524 consuluit.
1293 2515 1327 2519 —-
1350 2503 1476 2524 consulere
1496 2502 1591 2530 aliquid
1610 2503 1659 2524 Vll
1680 2503 1702 2531 7,

944 2535 975 2558 23
994 2536 1087 2564 patriae
1107 2536 1150 2564 qui
1170 2537 1276 2559 consulit
1294 2539 1372 2559 actus.
1388 2549 1421 2552 —
1438 2536 1473 2558 lx
1490 2535 1510 2565 1,
1526 2536 1558 2558 159
1578 2537 1705 2559 consuluit

944 2570 1025 2592 domui
1039 2583 1072 2586 —
1089 2568 1092 2601 Ι
1109 2577 1183 2599 quem
1196 2573 1282 2597 gentes
1301 2572 1416 2593 metuunt
1429 2572 1453 2592 te
1467 2577 1597 2599 superesse
1613 2571 1702 2595 virum,

942 2617 975 2620 —
993 2604 1162 2626 consuliturus
1188 2604 1237 2626 VII
1256 2604 1279 2633 S,
1303 2604 1334 2627 50
1353 2607 1380 2626 tu
1401 2606 1470 2633 pater
1489 2607 1513 2626 et
1531 2605 1626 2634 patriae
1645 2612 1705 2627 con-

942 2638 1063 2660 suliturus
1082 2645 1134 2660 eras
1179 2638 1203 2666 9,
1226 2638 1239 2660 2
1265 2646 1309 2667 per
1327 2639 1443 2661 asfe‹:tum
1463 2639 1613 2661 consuliture
1633 2641 1704 2661 tuum

944 2673 1003 2694 VIII
1024 2672 1046 2699 3,
1069 2672 1117 2695 254
1148 2672 1181 2701 cf.
1203 2673 1342 2695 consultum
1361 2672 1490 2695 consultus

908 2707 1047 2729 consultare
1071 2706 1105 2728 IV
1128 2705 1166 2734 13,
1191 2706 1219 2729 15
1246 2707 1311 2729 hunc
1338 2707 1519 2729 consultantem
1545 2707 1617 2735 legati
1644 2710 1706 2730 sorte

943 2742 1087 2770 frequenter
1106 2741 1175 2763 misit
1194 2741 1222 2764 ad
1242 2741 1365 2771 Hispanos
1385 2741 1478 2763 Gallis-a
1497 2748 1556 2763 cura
1576 2742 1639 2765 viros

1446 2790 1501 2814 50*
