2038 3036
809 91 1032 118 PROOEMIVM.
1653 93 1731 123 XXI

117 199 505 232 christlich—lateinischen
529 200 687 232 Literatur
710 201 733 237 I,
755 203 814 231 515
839 202 879 232 ab
903 201 967 233 alio
991 212 1029 233 ac
1052 205 1146 242 poeta
1168 202 1272 233 Vitam
1298 202 1503 243 compositam
1527 212 1597 233 esse
1620 202 1730 233 voluit.

117 262 162 292 Re
184 270 260 292 vera
288 260 385 291 ‘Itala
401 259 609 291 Patavinitas'
634 270 716 299 quae
737 260 885 292 laudatur
906 261 998 300 (infra
1014 272 1045 302 p.
1066 264 1115 299 511,
1137 262 1160 301 5)
1182 262 1345 293 Fortunati
1369 266 1481 303 poetae
1505 261 1638 303 patriam
1663 262 1732 292 11166

116 319 231 351 clarius
259 319 392 359 indicat,
428 322 459 351 61
485 329 566 359 (111116
598 328 693 360 supra
723 319 762 350 (16
793 320 900 351 libello
930 320 961 351 in
985 320 1209 352 monasterium
1235 321 1441 362 Radegundis
1464 321 1560 352 misso
1583 321 1690 361 ibique
1713 331 1732 351 a

116 378 314 411 Baudonivia
337 378 479 410 adhibito
503 378 641 410 diximus
664 388 726 410 non
750 379 945 411 Vercellensi
973 379 1031 411 sed
1054 380 1245 412 Pictaviensi
1269 380 1412 422 scriptori
1435 384 1510 422 apta
1534 384 1616 412 suut.

201 447 333 479 Codices
356 447 449 478 Vitae
472 446 617 478 Marcelli
640 446 735 488 pauci
758 451 937 488 supersunt.

114 508 139 538 P
269 506 377 539 Codex
392 506 584 538 Parisiensis
600 506 733 538 Latinus
749 517 796 537 nr.
813 508 906 545 5275,
927 517 1011 538 saec.
1032 507 1071 545 X,
1092 507 1182 538 initio
1198 507 1320 548 prologi
1336 507 1451 539 omisso
1468 519 1487 539 a
1503 510 1733 539 Fncumlsssima

317 557 438 599 incipit.
488 558 623 598 Prologo
648 557 745 589 index
769 558 906 599 capitum
930 558 1090 589 subiectus
1115 561 1174 589 cst.
1200 577 1241 580 —
1264 559 1302 589 A.
1329 558 1472 590 Schoene
1497 560 1638 591 contulit.

114 611 139 641 F
269 609 378 641 Codex
400 608 565 640 Farfensis
594 608 699 649 (hodie
723 609 841 640 Romae
864 609 896 640 in
916 609 993 640 bibl.
1013 609 1094 641 Vict.
1115 610 1240 650 Eman.)
1268 610 1303 649 F,
1331 610 1590 642 membranaceus
1615 611 1733 642 formae

318 660 489 700 maximae,
525 669 608 691 saec.
636 660 683 691 IX
715 660 849 701 scriptus
881 664 951 701 post
981 661 1085 692 Vitam
1110 660 1294 692 Genovefae
1318 660 1373 692 fol.
1402 659 1584 691 173'-177
1620 661 1733 693 librum

318 710 482 742 Fortunati
507 711 657 751 continet,
685 711 742 743 sed
766 712 915 752 prologus
941 711 1033 743 Vitae
1058 711 1266 743 desideratur.
1296 730 1332 733 —
1357 712 1430 743 Mau
1454 712 1597 743 contulit.

114 763 145 793 M
269 762 378 794 Codex
401 762 590 793 Parisiensis
614 762 746 794 Latinus
770 773 817 793 nr.
848 764 959 802 11552,
995 772 1078 794 saec.
1106 763 1195 801 XIII,
1229 762 1348 794 formae
1371 763 1539 801 maximae,
1576 763 1630 794 fol.
1661 765 1728 801 184,

319 814 352 845 S.
378 813 480 845 Mauri
502 813 705 845 Fossatensis
733 815 789 854 (nr.
810 815 859 853 29,
889 814 963 845 olim
982 815 1072 854 1031)
1101 817 1179 845 erat.
1205 832 1247 836 ——
1270 814 1308 845 R.
1327 814 1441 854 Peiper
1462 814 1586 845 initium
1610 814 1734 854 prologi

320 865 461 897 contulit.

201 925 344 957 Libellus
368 924 416 957 bis
441 924 545 956 editus
569 928 628 956 est.

271 987 392 1024 Sarius,
420 987 462 1015 Dc
482 985 620 1025 probatis
644 990 817 1015 scmctorum
842 986 987 1023 lu'sloriss,
1018 986 1158 1015 Coloniae
1181 987 1276 1023 1575,
1304 984 1356 1023 VI,
1390 987 1435 1023 14,
1463 984 1526 1016 alio
1549 994 1586 1015 ac
1610 985 1660 1015 PF
1683 994 1735 1015 co-

320 1037 390 1068 dice
413 1046 490 1068 usus
514 1039 571 1075 est,
600 1046 670 1068 cum
694 1038 820 1077 (16116901
846 1036 940 1076 (infra
963 1047 993 1077 p.
1019 1037 1068 1075 52,
1091 1037 1132 1076 25)
1161 1036 1201 1067 ab
1225 1036 1294 1076 ipso
1318 1036 1457 1067 abesset.

268 1088 366 1120 Cuius
390 1088 561 1120 editionem
587 1089 680 1119 Lache?
702 1099 732 1129 p.
764 1090 817 1118 131
850 1088 900 1128 (z
926 1090 1025 1128 Mz'yne
1048 1088 1257 1125 LXXXVIII,
1286 1098 1317 1128 p.
1345 1088 1417 1127 541)
1446 1087 1603 1128 repetivit.

199 1156 279 1188 Cum
309 1156 428 1188 codicis
452 1156 477 1186 F
506 1156 654 1188 librarius
684 1159 805 1188 textum
836 1156 878 1188 ad
901 1156 1065 1188 arbitrium
1090 1166 1181 1187 suum
1204 1159 1301 1187 totum
1326 1155 1553 1195 immutaverit,
1589 1155 1687 1186 codici
1711 1156 1735 1185 P

113 1216 216 1256 magis
248 1226 298 1247 me
329 1216 471 1257 applicui
502 1226 605 1256 neque
628 1226 710 1257 quae
733 1216 819 1257 apud
843 1216 970 1247 Surium
995 1216 1177 1257 discrepant
1199 1215 1352 1247 adnotare
1375 1215 1514 1255 neglexi.
1563 1215 1736 1255 Orthogra-

115 1275 211 1317 phica
234 1286 273 1307 ea
297 1276 462 1317 suppressi
486 1286 566 1316 quae
590 1287 610 1308 a
633 1277 805 1308 Fortunato
828 1276 1008 1308 abhorrent.

664 1447 741 1487 VII.
777 1448 883 1487 VITA
913 1448 948 1487 S.
978 1447 1186 1487 ΑΜΛΝΤΙΙ.

205 1541 385 1582 ‘Opuscula
399 1541 572 1572 Fortunato
589 1541 673 1573 male
689 1541 855 1573 attributa'
880 1542 1033 1583 pleraque
1057 1552 1096 1573 ea
1118 1544 1240 1572 tantum
1264 1550 1362 1572 causa
1385 1551 1404 1572 a
1421 1540 1541 1572 Lnehio
1564 1540 1645 1572 inter
1667 1540 1735 1571 61115

115 1611 211 1643 opera
233 1604 362 1642 recepta
386 1604 477 1640 sunt,
512 1600 596 1640 quod
619 1601 731 1632 Surius
754 1602 805 1633 vel
829 1601 972 1642 quisquis
997 1600 1095 1632 edidit
1118 1600 1298 1632 coniectura
1322 1611 1380 1632 sua
1404 1610 1443 1632 ea
1465 1600 1507 1631 ad
1530 1601 1734 1631 Fortunatum

114 1661 310 1693 retulissent.
359 1661 424 1692 Sed
449 1671 505 1693 eae
530 1661 727 1702 opinationes
752 1671 822 1692 cum
845 1665 900 1693 aut
924 1661 1025 1692 falsae
1049 1661 1112 1692 sint
1134 1664 1189 1692 aut
1213 1665 1296 1692 certe
1320 1660 1519 1699 temerariae,
1550 1670 1606 1691 nos
1630 1660 1662 1691 in
1686 1660 1735 1691 his

114 1731 169 1762 pro
198 1721 319 1752 ratione
351 1720 510 1752 scribendi
542 1721 771 1752 Fortunatiana
800 1721 948 1753 traditam
979 1722 1010 1752 in
1041 1720 1131 1752 libris
1162 1721 1360 1752 retinuimus.
1410 1721 1518 1760 Itaque
1549 1720 1609 1751 hac
1639 1720 1672 1750 in
1703 1730 1735 1751 re

114 1781 207 1812 huius
230 1781 402 1813 voluminis
425 1781 607 1822 posterioris
630 1781 729 1822 partis
745 1781 836 1813 Vitae
859 1781 942 1813 inter
965 1791 998 1813 se
1022 1781 1151 1812 minime
1175 1781 1366 1812 concordant
1388 1790 1491 1821 neque
1512 1780 1638 1818 debent,
1666 1790 1735 1811 cum

114 1841 197 1873 aliae
220 1841 264 1872 VI
287 1841 338 1873 vel
362 1841 431 1880 VII,
460 1841 544 1872 aliae
567 1841 598 1871 X
621 1840 748 1872 demum
773 1841 901 1873 saeculo
926 1841 1063 1882 scriptae
1089 1841 1161 1872 sint.
1476 1878 1479 1883 ἱ

199 1901 340 1932 Amantii
369 1900 562 1933 Rutenensis
591 1900 732 1942 episcopi
762 1900 855 1932 Vitae
887 1901 1070 1942 scriptorem
1103 1901 1306 1932 Fortunatum
1336 1910 1407 1932 esse
1438 1900 1549 1932 Surius
1578 1903 1652 1931 tom.
1679 1900 1732 1939 VI,

114 1971 146 2002 p.
174 1962 231 2001 78,
265 1961 385 2002 primus
416 1960 565 1992 coniecit:
606 1963 686 1999 Vsta,
720 1960 834 2001 inquit,
871 1963 902 1991 S.
930 1960 1065 1991 Amcmtt't'
1091 1963 1221 2001 episcopi
1243 1962 1436 1999 lomenensis,
1472 1962 1558 1990 cuius
1582 1960 1734 1989 (tulliorem

113 2022 238 2052 necdum
262 2023 373 2061 rcpcrc'.
420 2023 540 2052 Videtur
563 2021 636 2051 mihi
658 2031 720 2051 esso
740 2023 931 2060 Fortunatus,
962 2022 1047 2062 idque
1067 2023 1159 2061 plane
1183 2023 1286 2052 semia.
1328 2022 1430 2060 Stylus
1451 2021 1526 2049 enim
1545 2031 1563 2050 (ι
1580 2022 1738 2050 Ι”01“[ιιη((ίι“

114 2082 239 2112 dictione
261 2091 321 2111 non
345 2081 497 2112 abhorret.
538 2083 633 2111 Emtae
658 2082 685 2110 in
705 2082 770 2111 MS.
797 2081 954 2111 codicibus.
1004 2081 1104 2118 Quem
1129 2081 1247 2119 Labbe,
1275 2080 1367 2111 Nova
1391 2079 1588 2111 Bibliotheca
1612 2080 1653 2120 ΙΙ,
1674 2081 1734 2109 474

115 2144 239 2172 secutus
263 2144 322 2172 est.
370 2141 412 2172 At
435 2141 536 2172 solum
560 2140 643 2181 quod
664 2140 775 2172 Surius
800 2141 930 2181 protulit
953 2140 1103 2172 indicium
1127 2150 1160 2172 re
1184 2150 1261 2171 vera
1284 2140 1406 2171 nullum
1430 2149 1510 2177 esse,
1540 2149 1609 2170 cum
1633 2149 1734 2171 sermo

115 2211 134 2232 a
150 2201 376 2233 Fortunatiano
399 2200 444 2232 ita
467 2200 573 2241 distet,
600 2204 634 2232 ut
658 2200 697 2232 (16
720 2200 776 2231 1110
800 2204 928 2232 auctore
952 2211 992 2232 ne
1016 2200 1146 2241 cogitari
1170 2200 1298 2240 quidem
1322 2200 1433 2241 possit,
1459 2199 1522 2230 iam
1540 2199 1640 2230 Luclri
1661 2209 1734 2230 con—

114 2260 226 2292 tendit.
273 2261 407 2292 Formae
437 2260 520 2292 enim
545 2260 692 2301 loquendi
716 2261 810 2301 plane
834 2260 954 2301 poesim
979 2260 1106 2301 sapiunt
1128 2259 1392 2300 Vergilianasque
1416 2262 1447 2290 61
1470 2258 1644 2290 Ovidianas
1667 2259 1734 2289 elo—

116 2321 256 2352 cutiones
279 2321 371 2352 Vitae
403 2320 536 2362 scriptor
566 2323 611 2352 tot
641 2320 803 2359 adhibuit,
838 2323 913 2360 quot
941 2319 973 2350 in
1002 2319 1150 2360 genuinis
1174 2319 1336 2351 Fortunati
1365 2319 1489 2360 scriptis
1513 2319 1657 2350 omnibus
1681 2318 1732 2349 vix

115 2380 266 2422 reperias.
313 2380 419 2412 Vitam
442 2383 548 2412 autem
573 2383 646 2412 ante
670 2389 754 2411 saec.
775 2379 850 2411 VIII
874 2379 1078 2421 compositam
1102 2389 1173 2411 esse
1196 2379 1282 2410 haud
1305 2379 1453 2420 putarim.

200 2441 278 2472 Cum
309 2440 410 2472 codex
432 2440 558 2481 integer
580 2440 689 2472 nullus
713 2440 804 2471 nobis
827 2443 953 2480 praesto
977 2443 1078 2477 esset7
1114 2439 1288 2471 Labbeana
1312 2438 1449 2470 editione
1473 2447 1530 2478 pro
1555 2437 1662 2469 codice
1686 2437 1733 2469 usi

116 2510 235 2532 sumus.

116 2560 142 2591 L
270 2560 376 2600 Labbe,
404 2562 505 2591 Novae
528 2560 716 2591 biblsothecae
739 2562 939 2599 manuscript.
966 2558 1128 2597 libror-mn,
1164 2563 1231 2589 tom.
1260 2560 1300 2597 II,
1335 2559 1461 2588 Parisiis
1486 2559 1545 2587 ‘165
1554 2560 1582 2596 7,
1614 2567 1645 2598 p.
1671 2558 1731 2587 474

320 2611 440 2653 primus
463 2611 568 2643 Vitam
591 2611 748 2652 integram
772 2611 891 2652 publici
914 2610 991 2642 iuris
1015 2609 1099 2649 fecit,
1127 2619 1220 2650 quam
1244 2609 1277 2640 in
1299 2608 1485 2649 Appendiee
1509 2618 1578 2640 cum

117 2662 147 2693 M
270 2662 379 2694 codice
402 2662 634 2703 Moyssiacensi
658 2662 799 2694 contulit.
850 2664 1015 2694 Isti-serant,
1042 2660 1159 2701 inquit,
1188 2671 1202 2690 e
1223 2661 1327 2700 praelo
1348 2662 1468 2700 priores
1492 2660 1549 2689 cluo
1578 2661 1658 2690 Tomi
1678 2670 1733 2689 ηο-

320 2719 402 2744 slrac
422 2715 621 2745 Bibliothecae
640 2716 728 2745 MSS.
753 2715 910 2752 [throp-mn,
937 2724 1000 2743 cum
1025 2714 1140 2753 pridem
1166 2717 1327 2752 omoplatas
1349 2712 1486 2741 (71›‹¹711›I)e't'
1501 2713 1732 2750 Moyssiuwnsis
