2038 3036
727 114 818 140 VITA
839 113 974 140 SANCTI
993 114 1157 140 REMEDII.
1708 118 1747 145 (55

137 209 169 240 in
199 218 343 240 sermone
376 210 522 248 paratus⁷
556 207 588 237 in
613 208 853 238 conversatione
878 208 1107 239 sanctissimus.
1157 209 1336 248 Numquam
1360 209 1391 239 in
1416 219 1453 239 eo
1477 208 1596 239 invenit
1619 208 1747 238 humani

135 259 262 300 generis
286 258 489 290 adversarius
513 268 571 289 nec
594 258 677 297 quod
702 258 814 289 fraude
838 259 1000 299 deciperet
1023 270 1081 290 nee
1104 260 1188 299 quod
1212 259 1411 291 simulatione
1436 259 1584 290 fuscaret.

226 320 266 359 (7)
294 318 514 350 Sinceritatem
539 317 653 348 mentis
678 318 782 348 vultus
807 318 855 348 sui
879 319 1048 350 serenitate
1072 320 1269 350 munstrabat
1292 322 1322 350 et
1345 320 1494 359 pietatem
1515 317 1751 350 clementissimi
1776 319 1821 349 III

138 369 242 401 cordis
273 369 462 401 ostendebat
490 368 522 399 in
553 368 684 399 lenitate
716 368 879 399 sermonis.
928 369 1084 409 Quicquid
1114 370 1155 400 ad
1187 370 1322 401 salutem
1346 370 1503 411 pertinere
1526 369 1624 410 possit
1647 372 1751 400 aeter-

104 432 116 451 5
138 431 212 452 nam
236 430 297 452 non
320 421 424 451 minus
448 419 602 459 implebat
625 418 801 450 beatissimi
826 420 929 459 operis
950 420 1053 451 studio
1070 430 1164 460 quam
1181 421 1333 452 sermonis
1350 421 1587 461 praedicatione
1604 420 1749 451 docebat.

144 474 180 511 (8)
211 473 355 512 Longum
386 474 435 502 est
465 470 572 510 itaque
602 470 708 501 verbis
740 470 843 507 exeri,
878 481 917 502 ne
947 471 1128 511 inrogemus
1158 472 1360 503 audientibus
1390 471 1429 502 de
1453 471 1549 502 nimia
1572 471 1752 512 prolixitate

138 523 316 561 fastidium,
353 525 504 562 quantum
534 521 567 551 in
599 531 670 552 eum
695 521 846 552 bonorum
871 522 1009 552 omnium
1033 526 1217 553 ornamenta
1240 533 1322 562 quae
1347 526 1418 554 sunt
1441 523 1491 554 vel
1515 522 1679 563 praeciosa
1703 523 1752 552 vel

138 574 278 605 maxima
307 583 463 613 supernae
494 572 758 603 remunerationis
789 573 1012 613 praerogativa
1042 573 1218 604 contulerit.
1272 575 1306 613 39'
1338 573 1522 604 Studiamus
1551 584 1625 613 ergo
1654 583 1753 613 pauca

139 626 302 663 descrere,
341 624 478 665 plurima
515 623 704 663 praeterire,
743 633 816 653 nam
851 624 877 654 si
911 627 1000 655 tanta
1030 623 1180 655 virtutum
1212 634 1340 655 suarum
1369 625 1507 664 insignia.
1537 628 1591 655 aut
1622 624 1755 655 ariditas

91 686 117 705 ιο
139 676 238 707 nostri
267 675 420 707 sermonis
452 678 560 715 posset
583 674 728 705 excolere
752 678 808 704 aut
830 675 982 705 memoria
1007 675 1159 713 retinere,
1194 675 1280 715 prius
1304 675 1421 706 habere
1445 678 1566 714 poterat
1589 675 1755 706 terminum

139 727 194 758 lux
225 726 378 758 hodierna
407 736 502 765 quam
534 725 662 766 pagina.
719 726 777 764 110)
806 725 995 756 Intendebat
1025 726 1072 756 vir
1095 726 1207 756 beatus
1231 726 1403 756 Remedius
1426 726 1609 756 iactantiam
1634 726 1757 757 virtutis

138 778 251 818 fugire,
280 777 313 809 111
337 787 396 818 quo
421 787 482 808 non
505 775 628 817 poterat
651 776 753 816 gratia
777 777 864 807 celsa
888 777 998 808 latere
1042 777 1120 808 Cum
1145 786 1217 807 cum
1241 787 1314 807 vero
1339 777 1524 816 contigisset
1544 777 1661 807 habere
1678 777 1758 807 inter

139 829 331 861 domesticos
355 838 430 859 suos
454 827 622 859 secretiore
647 828 826 858 convivium
851 831 882 859 et
905 828 1116 859 delectaretur
1139 828 1171 858 in
1187 828 1332 859 libertate
1350 838 1501 866 carorum7
1529 827 1759 858 discendebant

139 881 181 912 ad
205 891 276 911 eum
299 879 451 920 intrepidi
474 888 620 919 passeres
645 883 676 910 et
698 879 729 909 in
754 889 849 909 manu
874 879 942 910 eius
966 888 1096 910 mensae
1120 878 1272 918 reliquias
1293 878 1503 918 colleg-ebant.
1546 878 1761 909 Discodebant

108 942 119 960 5
140 931 196 962 alii
228 931 341 968 saturi,
378 931 574 962 accedebant
605 930 660 961 alii
685 929 860 960 saturandi.
909 930 961 960 Sic
985 930 1229 960 mansuescebat
1252 929 1371 960 feretas
1394 929 1501 960 avium
1524 928 1555 960 in
1579 929 1757 969 operatione

141 983 301 1014 virtutum.

231 1043 292 1083 (11)
320 1042 453 1073 Accedit
475 1051 549 1081 ergo
574 1040 711 1080 quodam
736 1044 886 1081 tempore,
916 1050 986 1071 cum
1011 1050 1050 1071 ex
1074 1050 1161 1071 more
1185 1041 1344 1081 pastorale
1369 1041 1515 1071 sollercia
1538 1039 1683 1080 parocias
1699 1040 1761 1070 cir—

141 1094 257 1132 cuiret,
292 1097 325 1125 ut
355 1093 382 1124 si
411 1093 615 1133 neclegenter
645 1091 769 1132 aliquid
799 1092 830 1122 in
861 1091 978 1123 divinis
1008 1092 1145 1123 cultibus
1176 1095 1340 1131 ageretur⁷
1372 1091 1477 1122 fidelis
1504 1091 1619 1122 Christi
1651 1101 1760 1122 servus

141 1148 344 1185 agnosceret:
380 1144 412 1175 in
441 1144 512 1175 vico
544 1143 689 1175 similiter
720 1143 770 1174 cui
801 1143 989 1174 vocabulum
1022 1146 1070 1174 est
1093 1143 1293 1174 Calmaciaco
1322 1143 1422 1183 ipsius
1454 1142 1628 1173 devotionis
1657 1142 1761 1173 studio

90 1205 119 1224 20
144 1196 345 1237 peraccessit.
400 1197 460 1235 (12)
491 1195 550 1226 Vbi
575 1195 649 1226 dum
673 1194 802 1234 quidam
827 1204 939 1225 caecus
963 1195 1003 1225 ab
1028 1204 1064 1225 eo
1088 1204 1180 1235 opem
1204 1193 1442 1225 misericordiae
1465 1193 1654 1233 postularet.
1690 1203 1762 1224 coe—

144 1247 191 1288 pit
213 1257 275 1286 qua
298 1247 417 1278 dudum
442 1250 553 1286 captus
577 1245 681 1277 fuerat
704 1245 909 1277 infestatione
934 1245 1093 1276 daemonii
1117 1255 1261 1286 corpores
1285 1245 1453 1276 vexatione
1477 1248 1633 1283 torquere.
1673 1244 1762 1274 Tunc

143 1302 271 1330 sanctus
295 1298 466 1329 Remedius
496 1298 529 1328 in
559 1297 700 1328 oratione
732 1307 795 1336 qua
826 1306 953 1337 semper
982 1297 1079 1327 animi
1111 1300 1221 1327 sancta
1250 1296 1424 1327 intentione
1454 1295 1591 1326 vacabat
1613 1305 1761 1335 corporea

141 1359 176 1380 se
208 1349 304 1380 etiam
337 1349 507 1380 sedulitate
538 1349 708 1389 prostravit
736 1348 914 1388 raptimque
946 1348 1053 1378 lumen
1083 1348 1250 1388 pristinum
1281 1347 1427 1379 reddedit
1456 1346 1556 1378 oculis
1586 1350 1617 1377 et
1639 1350 1760 1386 pestem

143 1400 287 1431 inmundi
319 1401 447 1441 spiritus
479 1400 645 1440 effugavit.
699 1400 759 1439 ῚΧ13)
787 1399 813 1430 Ο
844 1399 1025 1430 ineffabiles
1054 1399 1157 1439 gratia
1185 1399 1329 1439 pietatis,
1362 1408 1381 1429 a
1404 1408 1464 1437 quo
1488 1397 1561 1428 dum
1586 1396 1762 1428 substantia

91 1460 122 1479 25
142 1452 211 1483 sola
233 1452 349 1493 petitur
371 1451 488 1492 triplex
511 1451 685 1482 remedium
710 1451 890 1482 obtenetur!
942 1450 1034 1481 Victu
1058 1450 1145 1491 pavit
1168 1460 1322 1490 egenum.
1354 1449 1532 1480 muneravit
1555 1449 1625 1480 visu
1650 1458 1762 1479 caeca—

141 1507 223 1541 tum,
257 1502 403 1534 reddedit
431 1503 578 1533 libertate
609 1502 767 1543 captivum
799 1501 903 1542 adque
934 1501 979 1532 ita
1008 1501 1139 1541 configit
1161 1511 1218 1541 per
1240 1501 1299 1532 hoc
1322 1501 1479 1540 insignem
1504 1499 1694 1537 misterium,
1730 1502 1763 1529 ut

142 1554 217 1585 dum
241 1554 389 1595 apparuit
413 1563 494 1584 unus
517 1553 549 1584 in
574 1563 715 1594 paupere
739 1552 863 1584 trinitas
888 1562 922 1583 se
946 1552 1085 1583 ostendit
1107 1552 1139 1583 in
1163 1553 1277 1583 salute.

234 1616 296 1654 (14)
325 1614 378 1645 Sic
409 1617 443 1645 ut
470 1623 595 1654 semper
619 1623 694 1653 ergo
718 1612 849 1644 humani
873 1612 1000 1652 generis
1024 1611 1227 1643 adversarius
1252 1621 1341 1642 suam
1365 1622 1426 1642 non
1450 1610 1575 1642 desistit
1598 1609 1763 1641 ostendere

141 1665 278 1696 nocendi
311 1665 425 1696 virtute
460 1664 649 1705 potentiam,
689 1664 849 1695 civitatem
879 1663 1083 1695 Remensium
1114 1663 1226 1694 eodem
1257 1666 1397 1703 tempore
1428 1661 1630 1702 surgentibus
1662 1661 1762 1691 subito

90 1727 121 1745 :⁵0
143 1715 341 1747 flammarum
372 1715 491 1756 globis7
527 1716 637 1747 oborta
665 1715 797 1746 nimium
829 1715 1006 1746 vastatione
1031 1714 1239 1745 succenderat
1262 1718 1293 1745 et
1315 1714 1380 1744 iam
1404 1713 1470 1744 fere
1493 1716 1615 1753 partem
1638 1712 1761 1743 tertiam

143 1767 263 1798 favillis
299 1767 483 1798 extantibus
518 1766 728 1798 concrematio
763 1770 892 1807 peracta
920 1769 1159 1806 consumpserat
1190 1769 1221 1796 et
1251 1765 1335 1805 quod
1363 1765 1524 1796 residuum
1555 1767 1622 1795 erat
1652 1763 1763 1794 victrix

142 1819 271 1850 flamma
299 1819 470 1850 lambebat.
524 1818 584 1857 (15)
612 1818 703 1849 Tunc
733 1828 803 1849 cum
834 1818 902 1848 eius
933 1817 978 1848 rei
1003 1817 1132 1848 nuntius
1156 1817 1197 1848 ad
1221 1816 1397 1848 beatissimi
1421 1815 1566 1846 Remedii
1589 1818 1762 1846 antestetes

231 1974 241 1997 l
263 1981 334 1997 serne
356 1974 376 1995 G
480 1973 582 1996 inuenit
600 1974 626 1995 in
646 1979 673 1995 eo
700 1972 727 1993 W
830 1972 938 1994 humane
961 1972 979 1993 C
1083 1970 1097 1994 2
1117 1978 1162 1994 nec
1181 1984 1214 1987 —
1233 1969 1290 2002 nee]
1310 1977 1341 1993 ne
1359 1983 1393 1987 —
1412 1976 1442 1992 ne
1464 1969 1524 1991 0113
1629 1969 1642 1991 3
1663 1969 1766 1991 sinceri-

143 2020 194 2040 tate
215 2018 235 2039 G
341 2017 502 2039 serenitatem
524 2016 544 2038 G
649 2016 743 2045 pietate
765 2015 784 2037 G
889 2014 904 2038 4
924 2012 1014 2046 possit]
1035 2014 1071 2043 (C)
1183 2014 1196 2036 5
1216 2014 1353 2036 beatissimi
1372 2013 1452 2041 operis
1471 2012 1552 2035 studio
1576 2011 1693 2039 (studium
1714 2008 1765 2041 [¹¹]

143 2060 301 2082 beatissimus
320 2066 393 2090 opere
415 2057 451 2081 C²
566 2058 762 2087 predicacionem
785 2057 818 2080 C¹
940 2057 954 2080 t}
974 2055 1057 2089 exeri]
1076 2057 1105 2085 G,
1127 2057 1225 2085 exigere
1247 2056 1295 2085 (Cj,
1318 2056 1422 2085 exsequi
1447 2054 1482 2085 W7
1505 2054 1710 2084 comprehendere
1730 2053 1762 2079 D,

144 2106 229 2126 texere
250 2103 271 2124 E
394 2100 481 2134 nimia]
502 2101 540 2124 his
560 2101 617 2124 add.
634 2101 682 2123 DE
805 2100 818 2123 7
838 2103 929 2130 quanta
952 2100 992 2130 (G)
1117 2102 1261 2122 ornamenta
1280 2100 1397 2121 bonorum
1417 2098 1527 2121 omniun]
1552 2097 1603 2118 CW
1707 2100 1765 2118 sunt

144 2143 198 2177 1181]
217 2148 276 2168 sunt
295 2145 342 2167 DE
463 2144 477 2167 S
496 2144 633 2167 contulerat
655 2144 684 2172 G,
706 2144 813 2166 contulit
832 2143 881 2165 DE
984 2140 1134 2173 studiamus]
1156 2141 1196 2171 Ol,
1219 2141 1361 2164 studuimus
1383 2140 1403 2163 G
1507 2139 1522 2163 9
1541 2140 1673 2169 plurimam
1696 2137 1732 2160 (¹⁸2

144 2191 270 2211 tantarum
290 2188 339 2211 DE
443 2188 513 2216 signa
532 2187 587 2216 DE,
608 2187 689 2209 dicere
710 2187 861 2216 coeperimus
881 2185 937 2208 add.
959 2183 993 2207 (⁵2
1099 2184 1129 2207 10
1150 2182 1280 2215 sermonis]
1300 2191 1348 2206 non
1368 2183 1426 2206 add.
1444 2181 1477 2205 Οἳ
1582 2183 1658 2212 possit
1679 2180 1732 2203 CW

143 2231 199 2261 plus
221 2231 240 2253 O
350 2231 442 2260 poterit
462 2230 509 2251 DE
632 2229 658 2252 11
681 2226 781 2260 pagina]
800 2229 880 2257 capiat
899 2228 955 2251 add.
976 2226 1009 2250 C2
1115 2228 1202 2250 beatus
1222 2225 1358 2258 remedius]
1378 2229 1478 2249 sanctus
1497 2225 1517 2247 G
1622 2225 1713 2247 uirtute
1733 2223 1761 2251 G,

142 2275 265 2296 uirtutum
282 2272 351 2296 C2W
458 2272 486 2295 12
507 2273 603 2301 fulgere
619 2272 652 2294 C!
758 2269 834 2302 celsa]
854 2278 966 2294 concessa
980 2270 999 2292 G
1106 2277 1134 2293 ea
1155 2270 1197 2299 0¹,
1221 2271 1245 2293 ei
1266 2268 1300 2292 (ΣΨ-
1407 2268 1436 2292 13
1456 2268 1613 2291 secretiorem
1633 2267 1662 2294 B,
1685 2273 1765 2288 secrc-

143 2317 193 2339 tius
216 2316 246 2337 W
368 2315 397 2339 14
417 2315 509 2345 trepidi
529 2315 576 2337 DE
698 2315 804 2344 passeris
825 2314 860 2336 Cl
986 2313 1014 2336 15
1035 2314 1138 2336 saturati
1159 2313 1180 2335 E
1300 2312 1467 2342 operacicione
1491 2310 1523 2332 Cl
1649 2309 1677 2332 17
1698 2307 1764 2339 ergo]

142 2362 226 2382 autem
248 2358 287 2389 (C)
395 2366 449 2381 cum
473 2358 538 2387 (eum
559 2358 585 2386 Ε)
609 2365 641 2380 ex
660 2355 738 2388 more]
758 2364 804 2380 om.
824 2357 844 2379 G
948 2357 1078 2385 pastoralis
1098 2356 1198 2385 solertis-g
1225 2355 1253 2376 W
1356 2354 1484 2377 circumire
1505 2353 1526 2375 E
1664 2352 1693 2375 18
1713 2352 1763 2373 cnl-

143 2403 181 2432 pis
205 2401 237 2424 01
380 2401 409 2425 19
429 2401 563 2424 calmacaco
585 2400 625 2429 Gl,
648 2401 806 2423 calmatiacus
826 2400 856 2429 D,
879 2400 1016 2422 calmiciaco
1039 2397 1074 2421 02
1179 2399 1310 2420 deuotione
1329 2398 1440 2420 studium
1460 2396 1563 2418 accessit
1585 2395 1610 2423 0,
1632 2395 1763 2417 deuotione

143 2452 188 2476 per
206 2444 317 2467 studium
337 2444 440 2467 accessit
464 2443 493 2465 W
613 2443 641 2466 21
664 2444 706 2472 qui
727 2443 748 2465 Ε
868 2442 994 2465 daemonis
1019 2442 1046 2463 W
1167 2438 1291 2471 torquere]
1314 2440 1333 2462 G
1460 2438 1491 2461 22
1512 2441 1611 2461 sam-tus
1630 2435 1764 2468 remedius]

143 2495 190 2510 om.
209 2487 229 2509 G
346 2487 428 2509 anima
450 2485 482 2509 C2
598 2484 694 2517 sancta]
713 2492 759 2508 om.
779 2485 799 2507 G
915 2492 1040 2514 corporeas
1061 2485 1135 2507 etiam
1158 2483 1187 2512 G,
1209 2490 1234 2506 se
1255 2484 1329 2506 etiam
1349 2489 1395 2505 om.
1414 2482 1439 2511 C,
1462 2489 1487 2504 se
1507 2482 1581 2503 etiam
1600 2487 1711 2510 corporea
1737 2480 1765 2501 W

143 2529 176 2553 23
196 2530 355 2553 sedulitatem
378 2530 406 2559 G,
429 2536 455 2552 se
474 2529 574 2552 uilitate
595 2527 630 2551 02
735 2529 872 2558 prostrabat
895 2528 915 2549 (ι’
1038 2527 1069 2550 24
1090 2527 1200 2549 infabilis
1222 2525 1256 2548 Ci
1379 2525 1410 2547 25
1430 2526 1528 2554 petetur
1550 2524 1570 2545 G
1676 2530 1763 2545 nume—

143 2574 210 2595 rauit
232 2572 272 2602 (1¹¹,
294 2573 465 2595 remunerauit
483 2573 567 2595 uisum
591 2571 623 2594 C1
746 2570 778 2594 26
797 2568 922 2602 libertate]
944 2571 971 2596 G,
994 2571 1135 2593 libertatem
1158 2569 1190 2591 C1
1313 2568 1442 2597 insignum
1463 2566 1496 2589 Cl
1610 2566 1719 2589 misterio
1743 2566 1763 2588 G

144 2614 175 2638 27
195 2622 259 2638 unus
278 2616 394 2646 apparuit
416 2615 446 2636 W
547 2621 681 2644 pauperem
703 2614 722 2636 C
825 2614 929 2636 salutem
953 2613 988 2641 (0)
1108 2612 1139 2635 28
1159 2613 1195 2635 sie
1214 2609 1254 2643 ut]
1274 2611 1315 2633 sed
1335 2611 1401 2633 sicut
1420 2610 1441 2632 E
1556 2607 1623 2640 ergo]
1643 2608 1699 2631 add.
1718 2606 1758 2635 C2,

143 2665 201 2687 erga
221 2658 277 2680 EW
423 2655 532 2689 generis]
550 2657 700 2680 detrimenta
719 2656 775 2680 add.
794 2656 815 2678 E
952 2656 1104 2678 aduersarios
1127 2654 1147 2677 G
1287 2660 1388 2676 suarum
1411 2651 1479 2674 (⁴⁹2W
1617 2651 1721 2673 desistet
1743 2652 1762 2673 (ι’

144 2700 176 2724 29
196 2701 288 2724 uirium
301 2701 332 2728 Dv
356 2701 479 2723 uirtutum
495 2698 593 2728 ECHV,
616 2701 735 2722 uirtutem
751 2699 783 2721 Cl
890 2706 1012 2721 remorum
1035 2698 1069 2726 (Q
1179 2696 1210 2719 30
1231 2696 1389 2719 succenderet
1414 2695 1445 2717 [¹¹
1552 2693 1581 2716 :31
1604 2694 1726 2716 stantibus
1743 2694 1761 2715 (i

145 2743 176 2766 32
195 2743 271 2766 huius
293 2743 314 2765 l:
418 2744 526 2766 nuncius
544 2743 601 2766 add.
621 2742 660 2771 02,
683 2750 730 2766 om.
753 2742 780 2763 W
883 2740 996 2773 remedii]
1015 2748 1061 2764 0171.
1081 2742 1100 2762 (ι’

223 2793 348 2812 Vas-Asius
364 2793 516 2812 roms-sumi
1542 2788 1556 2811 0

1785 1039 1826 1069 IV
