2038 3036
244 379 285 409 lX

239 1611 283 1642 XI

318 135 354 162 μ,
921 126 1086 152 ΥΕΝΑΝἹΊ
1108 123 1325 151 Fou'rva'rl

314 226 413 257 dita-z
449 235 517 255 cum
551 225 580 255 iu
611 223 716 262 requie
741 222 843 262 posito
866 221 970 252 mlliuc
996 219 1220 250 sollicitudinis
1243 228 1305 250 nou
1329 218 1412 250 desit
1435 219 1585 251 ubertas?
1622 220 1705 251 Nam
1728 219 1781 259 qui
1804 223 1878 250 tunc
1901 219 1933 250 in

314 277 435 317 muodo
466 276 505 306 ad
538 272 796 306 contumlcmlum
829 272 948 303 hostem
974 270 1070 302 rerba
1094 270 1202 301 tidelia
1228 270 1373 311 protulit,
1409 270 1459 302 hic
1482 270 1514 302 in
1539 280 1651 312 campo
1675 281 1764 302 arma
1787 270 1935 302 tractavit

316 328 457 358 iia-toria.

402 380 447 415 χ’ὶι
490 377 602 407 Mulier
627 376 655 406 iu
682 375 749 405 rivo
766 373 942 412 'l'ouatiago
966 373 1040 404 dum
1065 383 1181 412 aquarn
1205 372 1246 404 ad
1270 383 1348 414 opus
1366 383 1456 404 suum
1476 378 1615 414 portaret
1630 373 1681 404 die
1698 373 1865 410 dominico,
1893 392 1933 397 ——

313 440 370 460 uon
395 435 442 459 est
466 438 567 458 meum
593 437 684 457 nosse
707 436 769 465 quo
797 429 969 466 praeventa
995 428 1141 465 peccato.
1174 442 1217 446 ——
1241 434 1354 455 manus
1377 424 1521 456 adtracta
1546 429 1594 456 est
1618 435 1769 456 venarum
1793 424 1932 456 arefacto
1954 436 1966 453 r.

311 481 466 511 discursu.
514 479 602 509 'l'uuc
634 477 823 508 revelatione
855 476 1062 514 commonita,
1097 480 1130 507 ut
1160 475 1202 507 ad
1225 476 1326 507 saneti
1352 476 1461 507 limina
1485 476 1511 507 si
1536 476 1633 507 vellet
1656 476 1747 507 salva
1771 476 1839 507 tieri
1863 486 1934 517 pro-

312 536 442 572 peraret.
508 532 545 559 25»
585 533 652 566 Quo
677 529 731 559 illa
756 528 856 559 tideus
881 528 990 558 nuntio
1014 531 1173 568 tamquam
1198 538 1268 558 cuni
1291 527 1360 568 ipso
1377 527 1524 559 sanitatis
1541 538 1617 559 suae
1635 528 1833 568 praeviatore
1850 528 1935 559 laeta

311 582 472 623 percurrit.
526 581 563 612 let
587 580 659 611 dum
686 580 715 610 iu
741 579 871 609 basilica
898 579 1102 619 psalleretur.
1138 578 1285 609 similiter
1308 579 1339 609 in
1364 578 1563 610 absolutione
1587 579 1638 610 die
1662 578 1838 613 dominico.
1872 589 1934 619 quo

311 637 525 674 prm-cesserat
549 643 669 673 poena.
697 636 806 662 secuta
831 634 903 661 suut
926 630 1056 669 gaudia.
1107 630 1188 661 Ecce
1212 630 1475 662 consuetudinem
1500 630 1622 670 patroni
1647 630 1821 671 singularis
1845 640 1935 661 :una-

311 685 420 716 l›ilcm.
459 684 511 724 qui
548 689 578 714 ut
612 682 751 714 iuveniat
781 682 865 721 quod
897 685 1037 722 praestet
1067 685 1098 712 et
1128 691 1242 712 causas
1273 681 1428 721 exquirit!
1477 684 1503 713 O
1535 682 1626 713 beate
1659 682 1760 713 llilari
1793 681 1932 713 oninium

309 736 402 767 corde
433 746 486 766 ore
518 745 593 766 voce
623 733 796 765 cantmule!
836 733 926 763 cuius
957 737 1021 764 tam
1050 733 1140 773 larga
1171 732 1353 773 benignitas
1385 743 1445 763 non
1470 733 1572 764 solum
1596 743 1631 765 se
1655 733 1752 764 alieni
1776 743 1836 764 non
1860 733 1935 764 abs-

311 788 418 819 condit
443 786 499 817 scd
525 786 649 825 ingerit.

409 840 453 868 20*
487 838 657 868 Veniamus
689 836 728 867 ad
761 836 841 867 alios
873 835 1047 867 venerandi
1073 835 1192 867 fructus
1217 835 1374 867 miraculi.
1422 835 1588 873 Quaedam
1613 835 1807 876 paralytica,
1842 835 1935 867 annis

308 890 417 921 adulta
451 889 557 930 puella
587 899 646 919 uon
679 888 807 926 merito,
843 888 910 919 sine
940 887 1025 918 vitae
1055 887 1185 918 vivebat
1208 887 1334 918 officiis.
1383 887 1442 919 Cui
1466 887 1499 918 in
1523 886 1618 918 funus
1641 887 1773 919 extincti
1797 887 1935 928 eorporis

309 946 427 972 tantum
458 940 611 981 superstis
642 940 749 971 anima
781 939 960 980 palpitabat
988 943 1019 970 et
1050 939 1081 970 in
1113 942 1177 970 toto
1209 939 1365 970 cadavere
1397 938 1518 970 lumina
1547 938 1640 979 quasi
1671 939 1740 970 sola
1769 938 1930 978 vigebant,

309 993 394 1024 velut
419 992 449 1023 in
473 1003 507 1022 se
532 991 671 1022 membra
689 995 811 1022 mortua
828 990 1000 1030 vigilantes
1016 990 1098 1021 oculi
1115 990 1347 1022 custodiebant.
1402 991 1462 1030 (27)
1492 990 1563 1021 Non
1581 990 1690 1030 lingua
1706 993 1836 1031 torpens
1853 990 1936 1021 intra

310 1044 406 1085 palati
430 1053 586 1074 (arueram
610 1043 760 1073 volubilis
784 1042 972 1073 excurrebat
996 1052 1053 1073 nec
1076 1042 1138 1073 imo
1163 1041 1258 1073 ducta
1282 1042 1321 1073 de
1346 1045 1474 1082 pectore
1499 1051 1560 1073 vox
1584 1041 1711 1073 conlata
1734 1045 1857 1082 poterat
1879 1051 1936 1082 per

309 1096 403 1127 rerba
433 1095 618 1135 disponere7
653 1104 713 1125 non
744 1103 873 1132 manus,
909 1103 979 1124 eum
1011 1093 1115 1124 soluta
1145 1093 1383 1133 languesceret,
1419 1096 1552 1124 naturae
1584 1093 1693 1125 debita
1715 1093 1846 1124 servitia
1868 1093 1935 1125 ‹lis-

308 1147 451 1177 solvebat
479 1156 580 1185 neque
612 1155 669 1186 pes
701 1145 860 1176 instabilis
890 1145 1101 1176 membrorum
1132 1145 1254 1176 ruitura
1285 1145 1501 1176 sustentabat:
1537 1144 1641 1176 adhuc
1671 1144 1767 1176 totius
1791 1145 1933 1186 corporis

307 1198 496 1229 infabricata
518 1207 625 1228 massa
648 1197 803 1238 torpebat.
856 1198 914 1236 1⁴28)
945 1196 1035 1234 Quae
1057 1196 1091 1227 in
1115 1195 1289 1228 festivitate
1305 1196 1375 1227 eius
1392 1195 1475 1227 intra
1493 1196 1658 1227 basilicam
1676 1196 1779 1236 posita
1795 1207 1866 1228 cum
1882 1196 1934 1228 in-

307 1249 393 1290 genti
419 1249 524 1280 favore
549 1249 792 1289 expectantibus
815 1247 962 1279 omnibus
985 1251 1036 1279 est
1058 1251 1174 1279 erecta.
1215 1248 1252 1279 ln
1276 1247 1370 1279 unius
1393 1251 1500 1279 autem
1527 1257 1656 1288 corpore
1672 1247 1827 1279 miracula
1844 1248 1937 1289 plura

308 1301 477 1342 conplevit.
525 1301 697 1332 Attenuata
725 1310 864 1341 genuum
888 1299 1027 1340 vestigia
1050 1299 1225 1336 roborant,
1259 1299 1402 1340 linguam
1426 1299 1583 1340 rigentem
1607 1298 1807 1331 flexibilitate
1831 1303 1862 1330 et
1886 1299 1936 1330 fa-

308 1353 425 1384 cilitate
457 1352 543 1383 vocis
573 1352 707 1393 aptavit,
743 1351 785 1383 ad
809 1361 901 1383 usum
925 1351 1055 1383 lanificii
1079 1351 1203 1383 debiles
1227 1351 1385 1392 quondam
1410 1351 1534 1392 palmas
1558 1351 1712 1389 armavit,
1748 1351 1936 1383 liniamenta

309 1405 463 1436 viscerum
487 1403 591 1442 gratia
609 1403 651 1444 pii
668 1403 807 1435 muneris
824 1403 989 1434 animavit.
1042 1403 1104 1443 (29)
1132 1402 1313 1443 Aliquando
1330 1406 1422 1434 vetus
1439 1402 1547 1434 infans
1563 1401 1596 1433 in
1612 1402 1709 1434 verba
1725 1403 1876 1444 prorupit,
1904 1406 1936 1434 et

307 1455 391 1496 quod
422 1459 469 1486 est
500 1455 703 1495 conspicuum
734 1464 809 1486 voce
839 1454 941 1496 prima
969 1454 1061 1485 lactis
1084 1454 1238 1486 alimenta
1261 1454 1430 1494 quaesivit.
1479 1454 1562 1494 Ergo
1586 1457 1620 1485 ut
1643 1454 1724 1485 tales
1749 1454 1836 1485 cibos
1859 1458 1934 1486 ante

308 1507 413 1538 onmia
436 1510 596 1548 posceret,
631 1506 706 1546 quid
729 1506 819 1537 aliud
842 1506 935 1538 datur
957 1505 1120 1546 intellegi.
1148 1506 1210 1537 nisi
1233 1506 1360 1546 quando
1384 1509 1497 1537 sanata
1521 1509 1584 1545 est,
1620 1509 1695 1537 tune
1718 1505 1807 1547 prins
1831 1505 1934 1538 eredi-

309 1558 409 1590 disset
432 1568 465 1590 se
489 1558 600 1589 nasci?

409 1611 455 1649 30³
487 1610 553 1641 Nee
575 1609 656 1640 illud
679 1612 743 1640 tam
767 1608 862 1640 fidele
886 1608 1071 1649 mysterium
1089 1608 1250 1641 oblivione
1266 1609 1363 1641 noxia
1379 1608 1593 1640 subtrahatur.
1639 1609 1751 1648 ltaque
1777 1619 1848 1640 cum
1873 1608 1935 1641 duo

309 1662 520 1701 negotiatores
551 1661 591 1691 ad
615 1660 701 1692 beati
724 1660 890 1691 basilicam
914 1660 1124 1692 occurrissent
1147 1660 1303 1692 habentes
1327 1661 1460 1692 formam
1484 1670 1576 1692 cerae
1601 1660 1692 1700 quasi
1717 1661 1880 1692 socialiter
1902 1660 1935 1692 in

309 1723 490 1751 cmunrune,
528 1712 655 1752 quidam
686 1722 725 1744 ex
758 1711 807 1742 liis
836 1712 1008 1752 alloquitur
1039 1712 1192 1751 alterum,
1228 1716 1261 1744 ut
1291 1722 1361 1744 eam
1392 1712 1452 1743 etsi
1482 1715 1547 1743 tam
1577 1722 1709 1753 parvam
1739 1722 1805 1744 rem
1828 1715 1934 1744 tamen

309 1768 396 1795 tanto
421 1764 595 1795 confessori
620 1764 669 1795 vel
695 1764 830 1794 libenter
853 1763 1011 1795 offerrent.
1054 1763 1120 1795 Sed
1142 1763 1174 1794 in
1198 1773 1324 1795 cassum
1349 1774 1408 1795 sua
1431 1764 1530 1795 verba
1552 1763 1585 1794 in
1608 1764 1714 1795 animo
1731 1764 1810 1795 socii
1825 1764 1937 1796 nolen-

309 1816 349 1847 tis
380 1816 542 1857 expendit.
597 1816 669 1856 Ipse
699 1819 805 1847 tamen
835 1825 906 1847 cum
937 1815 1063 1855 collega
1093 1825 1149 1847 suo
1179 1815 1211 1846 in
1243 1815 1385 1847 oratione
1416 1815 1641 1856 prosternitur,
1677 1825 1782 1846 ceram
1815 1815 1936 1847 occulte

310 1871 381 1899 ante
398 1867 554 1899 tremendi
571 1866 732 1908 sepulchri
750 1867 909 1898 cancellos
927 1866 1067 1907 exponit.
1111 1867 1169 1907 (31)
1190 1867 1263 1898 Mox
1280 1866 1323 1898 ad
1338 1877 1463 1898 omnem
1480 1866 1707 1907 aequalitatem
1725 1876 1817 1898 cerae
1833 1866 1936 1908 ipsius

310 1919 432 1960 speeies
456 1929 489 1950 se
513 1918 623 1949 divisit
646 1922 692 1953 et,
728 1922 817 1959 parte
841 1918 928 1949 illius
952 1918 1056 1949 fidelis
1080 1918 1231 1949 oblatoris
1255 1922 1400 1959 accepta,
1438 1927 1512 1959 pars
1535 1918 1637 1950 altera
1659 1917 1841 1950 videntibus
1864 1918 1937 1959 plu-

311 1970 397 2001 rimis
421 1970 576 2001 volrendo
600 1980 700 2009 usque
725 1970 766 2001 ad
789 1970 872 2001 alios
896 1970 1055 2001 cancellos
1078 1974 1158 2002 nutu
1183 1970 1291 2001 divino
1316 1980 1385 2001 eum
1410 1970 1495 2001 omni
1512 1969 1704 2001 contumelia
1720 1973 1769 2001 est
1785 1969 1929 2010 repulsa:

311 2022 401 2061 quasi
433 2022 544 2053 nolens
574 2025 702 2053 sanetus
732 2021 903 2061 invadere,
939 2021 1023 2062 quod
1052 2022 1134 2053 alter
1157 2022 1204 2053 illi
1229 2022 1363 2054 devotus
1386 2032 1449 2053 nou
1472 2021 1602 2060 obtulit,
1637 2021 1786 2061 quoniam
1811 2030 1938 2062 semper

310 2073 471 2104 abborruit
503 2072 586 2112 quod
618 2083 657 2104 ex
679 2073 742 2104 fide
766 2083 827 2104 non
851 2073 952 2112 venit,
988 2076 1051 2104 tam
1077 2077 1180 2105 certus
1203 2073 1236 2105 in
1260 2073 1380 2105 iudicio
1403 2083 1498 2114 quam
1521 2072 1700 2104 misericors
1724 2075 1772 2104 est
1795 2072 1828 2103 in
1850 2075 1933 2103 voto.

315 2126 373 2164 (2321
405 2127 430 2155 0
453 2134 548 2164 quam
572 2124 820 2165 incorruptibilis
844 2125 962 2155 arbiter
985 2125 1099 2156 elaretl
1136 2124 1260 2156 Castior
1277 2128 1325 2156 est
1341 2124 1401 2156 iste
1416 2124 1450 2155 in
1467 2123 1701 2156 examinatione
1718 2123 1827 2155 iudicii
1842 2133 1937 2164 quam

311 2175 342 2206 iu
359 2175 512 2207 electione
529 2175 639 2206 tlorum
656 2175 711 2206 illa
726 2186 808 2215 quae
825 2186 930 2207 ceram
947 2179 1036 2207 casta
1053 2176 1210 2217 producit.
1256 2178 1314 2215 (331¹.
1336 2176 1426 2207 Tunc
1441 2176 1549 2216 itaque
1566 2175 1620 2207 ille
1637 2175 1691 2215 qui
1707 2175 1821 2207 offerre
1837 2174 1938 2206 noluit

311 2227 443 2258 admissi
475 2227 613 2258 eriminis
644 2237 677 2258 se
707 2231 787 2258 teste
819 2227 968 2259 confusus
998 2231 1029 2259 et
1052 2228 1186 2259 inmensi
1210 2227 1340 2269 pudoris
1363 2231 1452 2259 reatu
1477 2227 1663 2268 perculsus,
1697 2226 1808 2258 videns
1833 2226 1893 2258 sibi
1916 2236 1936 2257 a

311 2278 416 2309 radice
446 2288 522 2309 suae
553 2278 765 2310 conscientiae
795 2283 903 2310 tantae
934 2279 1138 2320 turpitudinis
1170 2279 1338 2320 opprobria
1367 2279 1563 2321 pullulasse,
1597 2278 1683 2310 etin
1707 2278 1822 2310 faeiem
1847 2288 1935 2310 suam

398 2425 412 2448 2
431 2426 465 2448 hii
487 2426 505 2447 A
620 2424 747 2457 tractauit]
768 2427 856 2449 strauit
876 2427 895 2449 A
1010 2426 1024 2449 4
1046 2427 1170 2450 tonatiaaeo
1192 2427 1232 2455 Gl,
1255 2427 1375 2450 tonatim-0
1399 2425 1439 2450 (1¹¹2.
1463 2427 1595 2455 romaciago
1615 2427 1634 2448 A
1751 2425 1765 2449 5
1785 2433 1860 2449 manu
1883 2426 1903 2448 G

313 2467 433 2500 aulum-ta]
453 2476 570 2491 uenarum
590 2469 647 2492 add.
666 2469 686 2491 A
792 2470 897 2492 arefacto
916 2468 1043 2501 discursu]
1061 2478 1088 2493 ac
1107 2471 1212 2493 arefacto
1231 2470 1350 2493 discussio
1369 2471 1391 2492 A
1505 2469 1518 2492 7
1539 2470 1601 2499 quod
1625 2469 1656 2491 (1‘1
1771 2469 1785 2491 ὃ
1805 2465 1938 2500 percurrit]

315 2512 431 2540 processit
452 2513 471 2534 A
586 2519 633 2541 quo
653 2511 830 2544 praecesserat]
850 2514 874 2536 iu
894 2520 942 2542 quo
962 2516 1112 2543 processerat
1132 2513 1151 2535 A
1269 2514 1283 2535 9
1302 2519 1405 2542 poenam
1425 2513 1446 2535 A
1566 2512 1596 2536 10
1615 2510 1653 2544 et]
1672 2519 1719 2535 om.
1736 2512 1758 2535 A
1872 2511 1937 2534 beati

315 2554 381 2576 hilari
406 2554 446 2581 til,
469 2556 566 2577 beatum
586 2555 699 2577 hilarium
723 2554 754 2577 (1'2'
863 2555 888 2579 ll
911 2563 970 2579 uoce
989 2564 1029 2579 ore
1048 2557 1069 2578 A
1175 2556 1326 2579 cantandum
1348 2556 1390 2585 (G)
1498 2556 1632 2578 abscondet
1652 2556 1673 2578 A
1782 2554 1810 2578 17
1831 2561 1934 2583 camera,

315 2598 338 2618 in
359 2598 433 2619 lauru
453 2604 519 2620 came
541 2600 561 2619 ‘1'
666 2598 693 2621 21
717 2605 805 2628 pauore
826 2600 844 2621 A
951 2598 1047 2631 autern]
1065 2607 1113 2623 om.
1131 2599 1149 2621 A
1257 2598 1287 2622 23
1307 2596 1414 2630 aptauit]
1433 2599 1547 2628 adaptata
1565 2602 1603 2621 est
1618 2599 1638 2620 A
1744 2598 1839 2621 debiles
1857 2604 1936 2627 quou-

315 2640 368 2661 dam
390 2640 479 2668 palmas
499 2639 615 2671 armauit}
633 2641 722 2663 debilis
742 2642 864 2671 quondam
883 2646 976 2665 armatu
996 2647 1031 2665 est
1054 2649 1140 2665 manus
1161 2642 1182 2664 A
1320 2641 1350 2664 24
1371 2642 1479 2664 animata
1499 2645 1559 2664 suut
1578 2642 1600 2664 A
1723 2642 1749 2664 in
1768 2638 1854 2672 uerba]
1873 2641 1937 2663 inter

315 2686 424 2704 cateruas
445 2684 463 2704 A
579 2684 611 2706 213
631 2685 735 2707 credidit
756 2685 774 2706 :l
893 2686 924 2708 25
945 2693 976 2708 ne
996 2687 1017 2708 A
1132 2685 1159 2707 ³1
1184 2687 1254 2708 tantu
1279 2684 1320 2713 (ιἸ,
1343 2688 1439 2707 tantuin
1459 2685 1480 2706 A
1596 2684 1627 2707 32
1647 2682 1738 2715 ceram]
1757 2683 1823 2706 illam
1841 2683 1898 2706 add.
1915 2683 1937 2705 A

316 2725 346 2745 llil
367 2727 479 2754 exposuit
497 2726 515 2747 A
622 2727 653 2749 :⁴6
673 2727 749 2749 nolli-t
766 2728 805 2749 iA:
913 2728 942 2750 ΣΠ
965 2729 988 2750 iu
1004 2732 1059 2750 uoto
1074 2729 1219 2757 misericors,
1241 2734 1288 2750 οιιι.
1305 2731 1343 2750 est
1357 2728 1377 2749 A
1483 2728 1515 2749 ³⁴.»
1536 2725 1573 2758 in]
1586 2734 1633 2750 om.
1652 2729 1672 2749 (ι’
1777 2730 1868 2749 castam
1882 2732 1937 2756 pro-

317 2767 388 2789 ·luxit
404 2769 423 2789 ‚t
514 2767 566 2799 illc}
580 2777 626 2791 «nn.
645 2771 662 2791 A
770 2770 800 2793 -lu
820 2778 846 2792 se
861 2769 935 2802 testu-J
952 2770 992 2799 11²,
1009 2772 1050 2793 scd
1066 2771 1111 2793 iste
1129 2771 1168 2798 (ll,
1186 2771 1219 2793 sic
1235 2774 1298 2793 tcstc
1314 2771 1333 2792 A
1426 2777 1558 2800 percussus
1573 2771 1593 2792 A
1699 2769 1727 2792 41
1752 2770 1901 2798 pullulasset
1915 2770 1936 2792 A

1957 692 1984 712 to

1957 950 1985 969 15

1953 1207 1982 1227 20

1954 1465 1983 1484 25

1955 1724 1983 1743 :to

1954 1982 1984 2001 3⁵

1955 2239 1984 2258 «lo
