2038 3036
185 493 239 522 ΧΥ

162 901 234 933 ΧΠ

266 146 305 174 92
567 140 760 167 orvsvx'LA
782 138 973 165 YENAN'rlo
994 136 1222 164 FoR'rvsA'rO
1244 136 1344 162 MALE
1364 136 1586 163 A'r'rnlBVTA

267 237 431 268 Maurilius
466 235 639 276 apostolica
674 233 878 274 simplicitate
915 231 1080 262 redimitus
1110 230 1277 270 cordisque
1307 230 1446 272 puritate
1478 230 1659 272 perlucidus
1690 231 1759 262 sine
1789 231 1888 262 inter-

267 290 412 319 missione
438 298 492 328 pro
517 286 574 316 sihi
599 285 768 315 commisso
784 283 901 314 Christi
925 292 1024 322 grege
1049 282 1079 312 in
1105 281 1226 322 vigiliis
1251 286 1282 313 et
1305 281 1501 313 orationibus
1524 286 1618 322 atquc
1642 281 1770 313 ieiuniis
1789 286 1887 314 totum

266 352 298 370 se
316 350 348 369 sc
374 338 500 369 ‹lomim›
524 335 734 376 mancipabat,
763 338 796 364 ut
820 333 969 373 antiquus
993 332 1092 364 hostis
1116 331 1272 371 diabolus,
1301 333 1354 373 qui
1372 333 1481 364 circuit
1497 336 1647 373 tanquam
1665 333 1714 364 leo
1731 343 1888 374 quaerens

265 391 303 421 ‹lc
337 389 454 420 unitate
485 397 576 427 quem
609 386 738 417 devoret
770 384 942 416 ecclesiae.
977 383 1098 414 nullam
1131 393 1170 414 ex
1198 383 1259 414 sibi
1284 383 1396 415 ovibus
1420 383 1550 416 creditis
1572 383 1758 425 temptando
1782 387 1889 425 posset

268 440 394 471 laedere
419 443 472 470 aut
496 438 634 469 auferre.

366 494 405 518 «is
445 489 589 520 l'roximo
619 492 725 519 autem
755 491 823 528 post
846 489 1010 526 acceptam
1035 486 1189 526 episcopii
1214 485 1402 526 dignitatem
1426 491 1568 527 tempore
1591 485 1666 517 dum
1691 485 1730 518 de
1754 486 1889 518 basilica

264 542 346 573 lwati
373 541 453 572 l’etri
484 539 620 581 apostoli
651 538 873 578 egrederetur.
910 537 962 567 ubi
994 536 1129 577 pervigil
1162 536 1192 567 in
1227 537 1422 568 orationibus
1445 542 1542 569 totam
1566 542 1688 569 noctem
1713 537 1889 569 insomnem

263 594 413 624 (luxerat,
451 592 576 622 obvium
613 590 722 621 habuit
756 588 915 629 querulam
951 597 1081 619 caccum
1116 598 1155 619 ex
1191 591 1280 619 utero
1314 588 1423 620 matris
1455 598 1531 620 suae
1563 593 1723 620 carentem
1755 589 1886 621 lumine.

278 649 316 673 ι’,υ
355 643 445 681 Quod
473 653 542 673 cum
568 642 626 672 sibi
651 652 668 671 a
693 640 819 671 domiuo
843 639 937 670 tribui
962 649 1018 680 per
1042 639 1153 670 merita
1179 639 1264 670 beati
1282 639 1420 670 Maurilii
1445 639 1582 672 fideliter
1598 640 1784 681 postularet,
1812 641 1891 672 bea-

263 702 311 726 tus
342 695 473 725 antistes
506 693 667 734 paulisper
697 690 832 722 erulmit.
882 689 945 721 Sed
976 700 1047 721 curn
1079 700 1174 731 super
1205 690 1313 722 oculos
1342 690 1444 731 ipsius
1476 691 1601 731 signum
1633 695 1763 723 sauctae
1787 691 1889 723 crucis

264 746 474 787 imprimeret.
505 747 689 784 erumpente
713 752 785 773 mox
809 741 966 781 sanguine
990 751 1062 773 cum
1086 741 1194 773 dolore
1219 742 1326 773 lumen
1349 742 1432 782 quod
1457 752 1628 782 numquam
1653 742 1808 774 habuerat
1831 743 1890 774 ha-

264 798 336 828 bere
361 796 545 838 promeruit.
609 797 647 824 70
686 794 807 825 Tamen
840 793 932 824 homo
955 792 1024 833 ipse
1056 802 1112 833 pro
1142 802 1249 824 amore
1280 793 1366 824 beati
1390 793 1529 825 Maurilii
1561 793 1662 825 eidem
1695 794 1779 825 beati
1806 793 1889 826 Petri

265 848 398 880 traditus
423 847 575 878 basilicae
598 856 694 886 quam
719 844 773 875 diu
797 844 830 875 in
855 844 1010 884 reliquum
1035 843 1158 875 advixit
1181 844 1317 876 fideliter
1340 843 1522 876 deservivit.

363 901 409 936 71]
440 897 590 939 sequenti
615 897 641 928 si
665 895 793 936 quidem
818 895 870 927 die
895 895 988 927 beato
1005 894 1153 927 Mani-ilio
1177 895 1319 927 antistite
1342 895 1373 927 in
1398 895 1511 927 eadem
1535 896 1620 928 beati
1645 896 1728 928 Petri
1753 896 1889 937 apostoli

263 951 394 982 basilica
419 954 528 981 sancta
553 947 742 989 sollempnia
766 947 960 986 celebrante,
989 946 1122 978 advenit
1144 957 1215 978 cum
1241 947 1392 978 moriente
1416 957 1514 988 puero
1538 951 1691 986 matrona,
1719 947 1770 979 eui
1789 957 1892 988 quon-

263 1003 334 1034 ‹lam
368 1002 466 1033 sterili
497 1000 632 1031 cundem
665 1003 697 1030 ut
727 1002 910 1030 nasceretur
941 1001 1015 1029 ante
1047 998 1267 1040 episcopatum
1299 998 1384 1040 apud
1412 998 1575 1030 dominum
1599 999 1666 1030 suis
1690 999 1810 1031 meritis
1834 999 1891 1030 ob-

263 1055 415 1085 tinuerat.
452 1052 618 1093 postulans
646 1054 678 1081 ut
707 1050 770 1081 filio
801 1060 859 1081 suo
891 1059 986 1089 quem
1017 1049 1144 1081 domino
1175 1049 1357 1081 habendum
1391 1050 1551 1082 obtulerat
1581 1060 1729 1081 manuum
1762 1059 1890 1082 suarum

261 1104 461 1145 impositione
494 1103 637 1144 spiritum
670 1105 813 1133 sanctum
842 1100 949 1133 daret.
985 1104 1158 1141 antequam
1182 1101 1294 1132 obiret.
1344 1101 1408 1133 Sed
1433 1105 1610 1133 remorante
1633 1101 1665 1132 in
1689 1105 1798 1132 sancta
1823 1110 1892 1132 cor-

264 1156 347 1197 poris
371 1166 407 1186 ac
431 1154 597 1195 sanguinis
613 1153 732 1185 Christi
756 1152 993 1184 consecratione
1018 1152 1183 1193 paululum
1209 1152 1369 1193 praesule,
1397 1162 1476 1193 puer
1493 1152 1639 1184 excessit.
1696 1154 1754 1192 [72)
1782 1152 1892 1190 Quan-

263 1213 327 1239 tum
357 1217 429 1238 vero
461 1206 647 1237 miraculum
680 1214 775 1245 super
806 1203 943 1235 eundem
969 1214 1100 1245 puerum
1126 1206 1198 1244 post
1222 1203 1390 1244 septimum
1415 1203 1624 1245 depositionis
1647 1203 1749 1245 ipsius
1773 1213 1891 1235 annum

265 1269 320 1300 per
350 1257 610 1298 pretiosissimum
642 1255 816 1287 antistitem
848 1265 939 1286 suum
964 1255 1145 1286 Maurilium
1178 1254 1325 1286 dominus
1357 1255 1481 1296 operari
1513 1255 1664 1296 dignatus
1691 1259 1753 1294 cst,
1789 1265 1891 1295 quan-

264 1320 356 1350 quam
381 1309 425 1341 uti
449 1309 511 1340 iam
537 1308 675 1339 diximus
698 1306 779 1338 illud
802 1307 996 1338 Fortunatus
1018 1306 1171 1345 omiserit,
1202 1316 1259 1337 nos
1282 1309 1389 1338 tamen
1412 1306 1542 1338 minime
1566 1306 1778 1345 reticebimus,
1807 1306 1891 1347 quod

265 1371 371 1392 verum
397 1370 467 1392 esse
492 1360 627 1397 scimus,
655 1359 730 1398 quia
753 1358 795 1390 ad
818 1358 954 1398 gloriam
979 1358 1097 1390 Christi
1122 1357 1314 1397 laudemque
1338 1357 1490 1390 antistitis
1514 1358 1563 1390 sui
1587 1368 1637 1390 res
1661 1362 1710 1390 est
1733 1357 1892 1398 condigna

265 1412 413 1444 describi.
469 1413 527 1452 ⁸713)
555 1411 638 1442 Nam
662 1410 809 1442 novimus
833 1409 958 1441 dicente
982 1409 1151 1450 propheta,
1186 1409 1261 1449 quia
1285 1411 1384 1440 mnam
1409 1420 1613 1450 quaecumque
1638 1410 1729 1440 voluit
1752 1410 1892 1440 dommus

262 1466 330 1504 sevit
356 1466 384 1494 iu
409 1465 491 1494 caelo
515 1468 541 1493 ct
566 1465 593 1493 ιἰι
620 1468 714 1501 terro,
743 1463 771 1491 1'11
797 1463 882 1491 muri
903 1466 929 1491 ct
955 1463 983 1490 in
1008 1461 1144 1491 omuibus
1169 1461 1296 1500 abyssis,
1328 1464 1359 1492 et
1381 1460 1507 1500 iterum,
1535 1460 1609 1501 quia
1635 1463 1662 1491 1'11
1688 1463 1802 1492 sanctis
1826 1463 1891 1491 suis

266 1517 339 1546 idem
365 1521 406 1545 es!
432 1517 494 1555 ipsc
518 1514 680 1545 mirabilis.
733 1513 793 1553 (74)
822 1512 855 1543 Si
880 1512 963 1544 enim
989 1511 1160 1551 credimus⁷
1188 1511 1272 1552 quod
1296 1511 1359 1543 fide
1383 1512 1514 1544 obtenta
1536 1511 1577 1543 ad
1601 1511 1774 1543 iussionem
1798 1512 1891 1543 unius

265 1567 400 1597 hominis
425 1566 487 1597 sol.
519 1565 595 1596 luna
619 1567 808 1604 caeteraque
833 1563 940 1595 sidera
965 1563 1067 1604 spatio
1091 1563 1185 1594 unius
1209 1562 1272 1595 diei
1295 1563 1471 1594 immobilia
1495 1563 1665 1595 substitere
1689 1566 1719 1594 et
1742 1562 1825 1603 quod
1849 1562 1891 1594 ad

266 1618 500 1659 percussionem
536 1616 646 1656 virgae
676 1615 778 1656 Moysi
813 1624 899 1646 mare
929 1615 1069 1646 Rubrum
1104 1614 1136 1645 in
1171 1614 1318 1655 geminas
1352 1618 1401 1646 est
1434 1618 1542 1656 partes
1573 1614 1710 1646 divisum
1743 1614 1891 1654 siccaque

267 1669 370 1700 llorcb
395 1673 485 1710 petra
508 1668 674 1709 perlargas
698 1666 838 1698 evomuit
862 1666 964 1697 undas
987 1665 1135 1706 quodque
1161 1669 1268 1697 contra
1291 1669 1436 1697 naturam
1463 1666 1687 1706 intelligibiles
1709 1665 1799 1697 asina
1824 1665 1892 1696 edi—

266 1721 311 1752 dit
336 1720 502 1762 pavct'acta
528 1719 672 1759 loquelas
695 1718 736 1749 ad
760 1717 1009 1759 petitionemque
1032 1717 1146 1748 Heliae
1170 1717 1270 1749 tribus
1294 1717 1386 1748 annis
1410 1721 1441 1749 et
1464 1717 1569 1749 medio
1592 1727 1632 1749 ne
1656 1717 1781 1758 plueret
1803 1726 1891 1748 sera-

265 1776 330 1803 tum
355 1775 402 1803 est
426 1771 549 1803 caelum
573 1771 749 1810 iterumque
773 1779 843 1801 eum
868 1768 969 1800 voluit
991 1768 1058 1799 suis
1082 1768 1229 1809 precibus
1245 1767 1444 1809 adapertum,
1472 1768 1620 1809 quodque
1637 1772 1684 1800 est
1700 1767 1888 1806 mirabilius,

266 1824 290 1854 si
327 1823 500 1862 merlinum,
537 1822 621 1862 quod
656 1821 698 1852 ad
730 1820 983 1861 redemptionem
1018 1819 1150 1850 humani
1183 1820 1310 1860 generis
1341 1819 1480 1851 mirabili
1511 1823 1542 1851 et
1572 1819 1729 1851 indicibili
1761 1819 1891 1860 spiritus

267 1875 366 1906 sancti
391 1885 484 1915 opere
509 1874 639 1905 verbum
663 1872 762 1914 patris
786 1881 880 1903 verus
905 1870 1058 1912 processit
1082 1870 1161 1902 deus
1185 1875 1217 1902 et
1241 1871 1333 1902 homo
1357 1870 1397 1902 de
1421 1870 1545 1911 virgine
1568 1871 1717 1911 idemque
1741 1880 1797 1911 per
1820 1880 1892 1902 cru-

267 1927 311 1957 cis
335 1926 518 1966 mysterium
543 1924 651 1956 mortis
675 1923 831 1955 destruxit
853 1922 1022 1963 imperium
1047 1921 1194 1962 quodque
1219 1922 1314 1953 etiam
1338 1932 1395 1963 per
1417 1922 1521 1964 ipsum
1545 1922 1576 1953 in
1596 1921 1658 1953 fine
1675 1921 1795 1954 saeculi
1811 1921 1891 1953 deus

268 1982 356 2018 pater
386 1980 578 2008 mortuorum
610 1975 770 2006 hominum
794 1973 933 2005 omnium
958 1983 998 2005 ex
1021 1973 1110 2004 initio
1133 1973 1166 2004 in
1191 1973 1314 2005 cineres
1337 1973 1467 2005 redacta
1491 1974 1549 2005 sub
1573 1977 1732 2005 momento
1754 1973 1891 2005 resusci-

266 2028 344 2060 tabit
367 2038 499 2068 corpora
522 2031 576 2058 aut
599 2026 641 2057 ad
664 2026 798 2067 gloriam
823 2028 877 2057 aut
900 2024 942 2056 ad
966 2034 1100 2066 poenam
1125 2024 1193 2056 sine
1217 2024 1279 2056 fine
1303 2024 1434 2060 victura,
1464 2023 1549 2066 quod
1572 2034 1629 2065 per
1651 2024 1779 2056 beatum
1801 2023 1892 2056 Mau-

353 2116 366 2136 :5
388 2115 407 2137 1.
430 2114 496 2136 Petri
519 2114 542 2141 5,
565 2114 588 2136 S.
685 2112 715 2135 21
736 2113 775 2136 Ps.
800 2111 855 2141 134,
878 2112 901 2134 6.
1000 2111 1031 2134 25
1051 2110 1091 2134 Ps.
1113 2111 1155 2141 67,
1177 2111 1218 2135 35.
1313 2110 1343 2135 27
1364 2112 1413 2135 Ios.
1438 2111 1477 2141 10,
1502 2111 1540 2135 13.
1632 2110 1663 2135 28
1683 2111 1762 2134 Exod.
1788 2111 1826 2140 Η,
1848 2109 1889 2134 21.

268 2159 299 2180 ’.ΗΟ
321 2157 396 2180 Exod.
422 2156 459 2182 Π,
482 2158 505 2178 (ἱ.
614 2156 688 2178 Num.
710 2155 749 2184 22,
772 2154 812 2178 28.
922 2155 953 2177 30
974 2155 1021 2178 111.
1044 2154 1103 2183 Reg.
1129 2154 1166 2177 15.

268 2295 327 2317 licat·
353 2294 512 2323 simplicitate
538 2293 602 2316 vitae
629 2297 653 2315 et
677 2292 755 2315 cordis
778 2293 886 2322 puritate
906 2295 1023 2322 totusque
1044 2292 1069 2314 in
1090 2292 1183 2315 Christi
1204 2292 1337 2321 famulatu,
1366 2291 1406 2314 die
1425 2295 1550 2321 noctuque
1568 2292 1624 2314 sine
1644 2291 1830 2314 intermissione
1849 2297 1892 2320 pro

268 2344 339 2366 ,nege
363 2337 455 2359 clu-isti
486 2337 528 2366 qui
559 2336 606 2359 sibi
640 2336 718 2358 suerat
745 2336 886 2364 assignatus
912 2336 938 2358 in
964 2335 1057 2364 vigiliis
1082 2338 1107 2358 et
1130 2335 1294 2363 eleemosynis
1318 2335 1471 2358 constitutus
1497 2334 1526 2357 ad
1552 2341 1618 2357 arma
1642 2334 1758 2357 caelestia
1782 2341 1808 2357 se
1832 2340 1891 2356 con-

269 2383 386 2407 verterat,
416 2382 443 2401 ut
468 2379 544 2401 hostis
571 2379 691 2408 antiquus
716 2379 810 2401 nullum
836 2385 866 2401 ex
886 2378 973 2401 ovibus
999 2378 1046 2401 sibl
1071 2378 1209 2401 commissis
1234 2380 1356 2407 quantum
1381 2378 1407 2401 in
1433 2378 1486 2407 ipso
1505 2380 1558 2400 erat
1577 2383 1660 2401 morsu
1679 2377 1777 2400 letifero
1795 2376 1892 2400 laedere

269 2426 361 2452 posset.

354 2463 436 2487 o—lzi
459 2463 624 2493 Maynobodus
643 2471 662 2487 c.
681 2465 728 2486 15.-
749 2463 811 2486 Cum
831 2463 860 2486 ad
880 2464 1008 2486 basilicam
1027 2464 1094 2487 beuti
1114 2463 1180 2486 Petri
1199 2463 1304 2493 apostoli
1325 2470 1391 2487 more
1411 2469 1455 2486 suo
1474 2462 1620 2493 pervigilem
1640 2463 1766 2492 quandam
1794 2465 1891 2486 noctem

269 2508 378 2533 rlnccret„
399 2514 484 2529 caccus
504 2508 533 2529 ab
553 2509 622 2528 utere
644 2507 729 2528 matris
749 2513 808 2528 suae
827 2506 910 2529 lumen
930 2506 1084 2535 incognitum
1104 2514 1117 2529 a
1136 2513 1207 2529 servo
1227 2506 1266 2529 dei
1286 2506 1334 2529 sibi
1353 2506 1429 2529 tribui
1449 2512 1505 2529 cum
1525 2506 1585 2528 fletu
1601 2505 1731 2529 obsecrans
1746 2505 1890 2535 postulavit.

272 2550 315 2571 Vbi
342 2550 428 2572 beatus
449 2550 580 2573 Mani-ilius
607 2549 762 2578 signaculum
782 2549 896 2571 vivitlcae
915 2549 996 2572 crucis
1015 2556 1090 2578 super
1110 2549 1191 2572 oculos
1211 2549 1267 2572 eius
1286 2549 1357 2578 fecit,
1386 2552 1534 2579 erumpente
1553 2549 1674 2578 sanguine
1694 2549 1827 2578 repentina
1846 2549 1890 2571 lux

270 2593 378 2615 inunxit.
419 2593 494 2615 llomo
518 2594 570 2622 ipse
596 2593 625 2614 ad
652 2592 754 2615 eandem
781 2592 905 2614 basilicam
931 2598 956 2614 se
981 2592 1080 2614 tradens
1105 2592 1220 2615 omnibus
1245 2591 1332 2615 diebus
1352 2593 1419 2615 vitae
1439 2598 1496 2615 suae
1516 2591 1624 2614 fideliter
1642 2591 1779 2614 deservivit
1797 2594 1821 2614 et
1842 2591 1891 2613 vir-

271 2639 351 2657 tntum
373 2637 434 2657 <ervi
456 2636 494 2657 rlei
516 2636 621 2658 Manrilii
643 2636 812 2657 testimoninm
834 2635 977 2657 admirabile
999 2635 1054 2657 fuit.

358 2770 387 2792 22
408 2770 529 2802 diximus]
551 2779 620 2800 ‹apr-1
639 2779 663 2800 ι).
686 2770 727 2795 κΤ.
749 2772 765 2794 l.
788 2771 818 2794 27¹

1913 701 1940 720 lo

1914 958 1942 977 15

1911 1213 1942 1233 20

1912 1469 1942 1490 25

1913 1726 1941 1745 :30

1911 1983 1942 2002 :³5
