2038 3036
227 349 268 378 xl

207 1885 267 1915 Xll

293 156 331 182 [32
595 148 785 175 ol·x·s‹·v1.A
810 146 998 172 vliNAN'rlo
1020 144 1246 170 Fon'rva'ro
1266 143 1367 170 MALE
1387 143 1608 171 ATTRlBY'l‘A

293 247 456 286 excepisse
487 254 599 284 aspera
632 249 661 272 et
693 241 831 271 nest-isse
863 239 1063 270 discrimina.
1097 238 1249 269 transisse
1280 238 1362 270 inter
1385 244 1571 280 praerupta.
1607 249 1702 279 quam
1726 239 1754 270 si
1777 250 1797 271 a
1820 250 1913 281 prae-

295 298 393 337 ruptis
417 302 499 326 essct
525 296 645 331 integre
669 291 836 322 custodita.

397 349 433 375 71.
475 345 619 376 Nondum
650 353 773 382 quoquc
805 342 971 372 multorum
1000 351 1130 371 emensa
1154 344 1329 382 temporum
1353 341 1427 372 orbe
1451 341 1607 382 completo
1631 340 1791 374 redierant
1814 343 1915 374 curri-

293 399 379 428 1-11111.
421 408 489 427 vnn·
526 401 654 425 sain-tus
690 394 881 431 Quintianus
917 392 1085 432 episcopus
1120 396 1194 423 ante
1230 396 1432 423 sacrosancta
1467 392 1583 423 altaria
1617 402 1765 433 capacem
1801 394 1913 425 tumuli

295 450 393 479 lucum
419 447 534 483 clegit.
565 446 614 476 nbi
642 446 743 485 ipsum
770 444 847 474 miro
871 454 965 484 opere
990 447 1020 474 ct
1046 443 1199 474 laudabili
1223 447 1289 475 arte
1314 443 1491 477 collocavit.
1519 454 1591 475 nam
1617 444 1704 485 prius
1726 444 1758 476 in
1783 445 1915 477 basilica

293 500 390 530 sain-ti
425 498 480 528 riri
513 504 644 528 extensa
677 495 879 536 sepulchrum
905 495 991 525 velut
1015 494 1224 535 praefulgens
1248 494 1372 536 lampas
1396 495 1566 536 splendore
1591 495 1737 536 propriae
1760 496 1915 528 claritatis

293 557 412 582 menn-s
443 548 676 588 expectantium
709 546 898 577 illustrabat.
964 547 1011 582 :¹77
1060 545 1126 576 Hoc
1158 545 1263 586 itaque
1295 550 1358 577 tam
1391 546 1558 587 pulchrum
1590 547 1714 578 facinus
1744 547 1915 589 episcopus

293 608 394 633 ment·-
426 600 584 639 concepit.
620 599 787 629 devotione
819 597 989 638 spopondit
1020 601 1300 638 consunnnatoque
1331 607 1425 638 opere
1454 597 1538 630 diem
1563 608 1673 630 sacrae
1697 599 1916 631 translationis

292 652 460 683 constituit.
511 651 595 681 llaec
624 661 698 688 crgo
723 650 888 680 celerrime
914 649 998 679 t'ama
1025 649 1204 689 percrebuit
1227 653 1257 680 et
1280 659 1341 680 non
1367 649 1468 680 solum
1494 649 1629 681 diffusae
1655 650 1741 681 urbis
1765 650 1915 682 conclusa

292 703 420 734 timbriis
452 703 519 733 loca
545 701 600 732 sed
624 701 770 732 diversae
794 700 890 731 ctiam
916 700 1010 731 urbes
1035 699 1237 740 confinesque
1263 700 1446 740 provinciae
1470 701 1521 732 vel
1545 701 1711 742 pontifices
1734 701 1776 733 ad
1799 702 1831 733 id
1855 702 1915 734 mi-

292 765 360 785 sere
383 754 431 785 rel
451 754 594 794 populos.
659 754 697 782 7*
739 752 841 783 Fideli
858 752 964 791 itaque
981 756 1072 783 coetu
1090 751 1215 783 moenia
1230 751 1437 792 complentur,
1465 752 1553 784 venit
1568 753 1663 784 etiam
1680 763 1697 785 e
1713 753 1914 786 Narbonensi

293 807 366 837 urbe
394 805 562 836 Marturius
593 805 694 835 abbas
726 803 854 843 quidam
880 803 1052 834 laudabilis
1077 806 1107 834 et
1131 803 1197 834 vita
1221 803 1422 844 conspicuus.
1471 803 1562 835 Prius
1586 807 1693 836 tamen
1716 804 1832 836 artifex
1855 805 1916 836 eli-

291 859 390 897 gitur.
425 857 476 897 qui
510 856 629 887 tumulo
660 855 859 886 circumiecta
887 855 1011 886 demat:
1043 854 1095 894 qui
1121 855 1227 886 statim
1254 864 1363 886 sacrae
1388 855 1603 886 venerationis
1626 855 1728 887 locum
1752 856 1916 897 ingressus

291 909 402 940 ainlaci
435 913 518 939 motu
551 907 589 938 de
620 907 788 947 sepulchro
819 906 965 946 opposita
995 906 1131 947 expulit,
1167 905 1223 937 sed
1253 905 1326 937 ilico
1355 906 1551 946 insurgentis
1582 906 1733 938 dexterae
1756 907 1818 938 ictu
1844 917 1915 948 per-

291 970 403 991 cussus
435 959 585 997 ingemuit
620 958 783 998 ultricique
816 968 918 998 paena
949 957 1112 989 temeritas
1144 957 1295 998 prolapsa
1326 958 1501 999 procubuit.
1554 959 1613 997 (79)
1643 958 1774 998 Iamque
1805 968 1914 991 sacrae
1954 969 1965 986 τι

292 1011 507 1042 translationis
539 1010 642 1040 dicata
668 1009 736 1040 dies
761 1009 924 1047 illuxerat,
959 1019 1042 1048 quae
1066 1009 1183 1049 primos
1207 1009 1294 1040 urbis
1318 1009 1437 1040 Romae
1460 1008 1604 1040 doctores
1628 1009 1754 1041 Petrum
1779 1014 1809 1042 et
1831 1010 1916 1041 l’au—

294 1064 354 1093 111111
385 1063 446 1092 duo
477 1061 584 1092 mundi
617 1061 739 1092 scilicet
764 1060 901 1091 maxima
926 1060 1047 1091 lumina
1069 1060 1255 1100 triumphali
1279 1060 1436 1101 supplicio
1459 1060 1595 1092 victores
1618 1061 1706 1092 misit
1728 1060 1770 1092 ad
1793 1061 1911 1093 caelos.

294 1115 357 1144 lhn·
391 1124 465 1151 crgo
497 1112 548 1143 «lie
572 1113 709 1143 omnium
735 1115 904 1152 expectata
928 1111 1011 1142 votis
1035 1111 1216 1143 sacerdotes
1240 1111 1372 1145 adsunt,
1408 1111 1515 1153 populi
1540 1111 1718 1151 confluunt,
1753 1113 1852 1144 oratio
1875 1123 1915 1144 ex

292 1175 374 1195 num¹
408 1164 566 1195 indicitur.
608 1164 698 1203 plebs
728 1163 794 1193 solo
818 1162 1041 1203 prosternitur.
1075 1163 1216 1194 tumulus
1239 1166 1463 1194 commovetur.
1518 1164 1576 1202 280)
1605 1163 1677 1195 Mox
1702 1173 1776 1195 vero
1801 1173 1914 1205 repen-

291 1217 353 1247 tino
379 1215 528 1246 miraculo
553 1219 640 1246 tanta
664 1214 839 1253 fragrantia
861 1214 900 1245 de
917 1214 1039 1245 tumulo
1054 1214 1250 1246 ineffabilem
1268 1214 1424 1246 exhalans
1441 1214 1632 1246 suavitatem
1650 1215 1777 1255 prodiit.v
1805 1219 1915 1247 utnon

291 1268 390 1298 solum
422 1271 566 1298 cunctum
598 1266 629 1297 in
660 1269 770 1297 sancta
801 1266 939 1297 ecclesia
963 1266 1115 1307 populum
1141 1275 1250 1297 verum
1274 1266 1370 1297 etiam
1395 1266 1487 1297 sitam
1510 1266 1543 1297 in
1568 1266 1740 1307 porticibus
1763 1267 1916 1308 atriisque

292 1319 414 1360 plebem
440 1318 608 1349 dulcedine
633 1318 731 1348 nimia
755 1318 895 1358 repleret
918 1321 948 1348 et
973 1317 1060 1348 velut
1083 1317 1221 1357 quodam
1245 1317 1461 1349 retributionis
1484 1327 1614 1349 munere
1639 1318 1777 1359 spiritali
1802 1318 1916 1350 hausto

291 1370 443 1401 reticent.
497 1372 541 1408 [sl
584 1370 710 1400 Interea
734 1369 887 1400 subiectis
911 1369 1057 1400 manibus
1081 1369 1134 1410 pia
1154 1368 1319 1400 devotione
1335 1368 1477 1400 fidelium
1494 1369 1651 1407 vehiculo,
1679 1369 1757 1400 felix
1772 1379 1851 1401 onus
1866 1369 1916 1401 in-

292 1422 395 1452 t'eitnr.
425 1421 544 1451 tumulo
568 1430 682 1451 manus
702 1420 843 1451 Maiturii
868 1420 994 1451 abbatis
1019 1420 1244 1461 comprimitur.
1293 1420 1353 1452 Ille
1376 1430 1452 1451 vero
1475 1430 1579 1460 neque
1603 1430 1730 1451 manum
1754 1422 1916 1454 retrahere

291 1473 398 1503 nititur
421 1482 524 1511 neque
549 1471 819 1503 circumstantium
843 1482 934 1513 opem
952 1471 996 1503 uti
1014 1471 1218 1512 sepulchrum
1235 1472 1378 1503 elevetur
1393 1472 1534 1512 inquirit.
1593 1473 1653 1511 1282}
1680 1472 1745 1504 Sed
1761 1472 1822 1514 piis
1837 1483 1917 1514 que-

291 1525 390 1555 stibus·
410 1523 562 1555 auxilium
580 1523 755 1554 beatissimi
772 1523 912 1554 Amantii
930 1523 1100 1565 implorare
1117 1534 1177 1554 non
1195 1523 1313 1555 desinit
1328 1524 1408 1555 haec
1423 1523 1535 1554 humili
1551 1533 1628 1555 voce
1645 1533 1913 1556 commemorans:

292 1576 374 1607 Noli.
402 1575 551 1606 sacerdos
575 1574 732 1614 quondam
757 1580 872 1613 noster.
901 1584 984 1606 nunc
1007 1575 1112 1606 socius
1135 1575 1333 1615 angelorum,
1361 1574 1425 1606 noli
1447 1575 1624 1616 opprimere
1645 1585 1773 1606 manum
1790 1575 1910 1607 famuli.

291 1637 329 1657 ne
355 1637 479 1657 servum
503 1630 590 1657 tuum
617 1626 680 1657 ullo
705 1625 887 1657 afflictionis
911 1635 1055 1657 maerore
1080 1636 1270 1667 exasperes:
1298 1626 1465 1658 iucundior
1487 1626 1564 1657 mihi
1588 1626 1684 1658 melle
1703 1626 1848 1658 dulcedo.
1876 1636 1916 1658 ne

292 1678 378 1708 sinas
408 1677 528 1717 gaudia
560 1681 665 1708 nostra
695 1677 843 1709 tristitiae
873 1677 981 1709 nubilo
1012 1677 1184 1716 maculari,
1218 1677 1371 1718 gaudium
1403 1681 1435 1709 et
1457 1677 1611 1709 exultatio
1635 1688 1721 1717 mea,
1757 1687 1850 1718 quem
1874 1678 1916 1710 ad

291 1729 521 1760 solemnitatem
554 1733 639 1760 tuam
670 1729 848 1770 perduxisti
878 1729 1051 1770 hospitem,
1092 1729 1227 1761 cellulae
1258 1728 1354 1760 reduc
1385 1739 1463 1760 suae
1492 1729 1698 1760 incolumem!
1759 1730 1819 1769 (833-
1855 1729 1915 1761 Vix

291 1781 385 1811 verba
417 1781 562 1811 tiniebat.
598 1790 668 1811 eum
700 1780 844 1812 elevatur
874 1780 977 1812 subito
1010 1784 1123 1821 sponte
1149 1780 1291 1812 tumulus
1315 1784 1346 1812 et
1369 1780 1563 1812 abstrahitur
1585 1790 1699 1812 manus
1721 1780 1836 1812 illaesa
1859 1781 1916 1812 ab—

292 1836 471 1872 stractaque.
498 1842 604 1862 rursus
628 1832 713 1863 oneri
739 1831 790 1872 pio
815 1831 976 1863 subicitur.

393 1886 428 1913 51
471 1884 595 1914 Interea
626 1883 753 1914 obvium
784 1883 844 1914 sibi
876 1883 1036 1923 quendam
1061 1883 1243 1915 vehiculum
1267 1883 1393 1924 impulit
1415 1883 1651 1924 impulsumque
1675 1883 1846 1924 prostravit
1867 1887 1915 1915 at-

292 1945 351 1974 que
381 1934 551 1974 obliquatis
581 1934 670 1965 strati
703 1934 837 1975 pedibus
868 1934 1049 1966 discurrens
1078 1939 1147 1966 rota
1178 1934 1376 1975 pertransiit,
1411 1934 1468 1966 sed
1499 1934 1544 1966 ita
1575 1934 1731 1966 minacem
1761 1934 1913 1975 impetum

292 1986 376 2016 iussa
407 1985 586 2026 suspendit,
622 1989 655 2016 ut
686 1995 742 2017 nec
775 1995 903 2017 sensum
928 1986 1046 2017 doloris
1070 1989 1169 2017 strato
1192 1985 1352 2027 infligeret
1375 1995 1434 2017 nec
1457 1985 1550 2026 signa
1573 1985 1684 2017 livoris
1706 1985 1910 2027 imprimeret.

293 2037 436 2067 (Jitcurrit
468 2046 542 2075 erg-o
566 2041 650 2067 motu
675 2037 771 2068 celeri
795 2047 852 2068 nee
876 2037 1020 2069 subiecta
1045 2037 1209 2070 contrivit.
1245 2037 1302 2069 sed
1325 2037 1501 2069 ministeria
1525 2037 1697 2078 complew't
1719 2036 1842 2068 itineris
1865 2046 1916 2068 re-

293 2088 438 2127 linquens
463 2088 554 2125 signa
579 2088 712 2118 virtutis.
772 2090 830 2129 (55)
860 2089 947 2120 Inter
969 2089 1050 2121 haec
1073 2099 1148 2121 vero
1171 2089 1395 2121 miraculorum
1419 2088 1575 2129 insignia,
1610 2088 1698 2119 nullo
1721 2088 1915 2129 impediente

293 2140 414 2170 labore.
452 2149 574 2170 summo
605 2144 786 2171 cunctorum
818 2140 937 2179 gaudio
967 2140 1000 2171 in
1031 2141 1099 2172 loco
1129 2140 1270 2172 studiose
1301 2143 1492 2182 praeparato
1522 2139 1678 2179 reliquiae
1709 2148 1818 2171 sacrae
1841 2148 1915 2170 con-

293 2191 418 2221 duntur.
494 2193 533 2220 so·
573 2190 723 2221 Nonnulli
761 2195 866 2222 autem
902 2191 945 2222 ad
980 2193 1137 2223 tumulum
1172 2192 1273 2224 sancti
1309 2192 1368 2223 viri
1402 2201 1521 2223 vesano
1555 2200 1801 2232 praesumpsere
1834 2199 1914 2222 ausu

293 2242 397 2272 seclus
429 2241 522 2282 priori
553 2242 672 2273 scelere
704 2243 883 2274 cumulare.
921 2243 978 2274 sed
1009 2243 1144 2284 correpti
1175 2243 1317 2284 protinus
1348 2243 1453 2274 furore
1480 2242 1666 2284 limphatico
1691 2242 1816 2273 solvere
1839 2251 1915 2283 sup-

293 2293 387 2333 plicia
419 2292 593 2332 afflictique
618 2293 758 2324 horribili
784 2294 911 2325 fremitu
935 2298 966 2326 et
989 2295 1122 2326 occultis
1146 2295 1249 2326 exusti
1274 2294 1410 2326 flammis
1434 2294 1643 2336 prodiderunt
1664 2293 1772 2332 nefaS,
1807 2292 1916 2325 reddi-

293 2343 406 2374 derunt
441 2344 567 2374 sublata
603 2345 811 2385 prostratique
842 2346 911 2376 solo
942 2346 1067 2377 veniam
1099 2346 1219 2387 petiere
1251 2346 1425 2378 facinorum
1456 2355 1494 2377 ac
1523 2346 1591 2377 sine
1621 2355 1710 2377 mora
1738 2344 1914 2377 beatissimi

294 2395 405 2425 virtute
437 2395 586 2425 antistitis
616 2395 760 2426 obscenis
793 2396 948 2437 contagiis
978 2407 1121 2429 meruere
1151 2398 1291 2439 purgari.
1340 2398 1389 2429 Ita
1416 2397 1473 2429 hos
1504 2400 1536 2429 et
1566 2397 1643 2428 ultio
1674 2396 1759 2428 iusta
1782 2395 1916 2438 perculit

293 2451 323 2476 ct
347 2446 506 2476 miseratio
531 2446 656 2486 pictatis
681 2447 829 2479 absolvit.

380 2532 391 2554 -1
413 2535 482 2561 incy,
504 2533 532 2554 ‹le
553 2534 600 2555 ritu
618 2536 714 2561 pultum
735 2542 754 2556 c.
780 2534 820 2558 ll'.
845 2537 873 2557 l:
899 2535 925 2558 in
949 2542 996 2564 quo
1021 2536 1165 2565 episcopatu
1190 2536 1317 2566 ampliatis
1339 2535 1419 2558 adhuc
1445 2535 1595 2558 virtutibus.
1623 2542 1678 2558 cum
1703 2535 1730 2558 in
1755 2534 1796 2558 dei
1819 2540 1915 2564 semper

293 2576 408 2604 vpvribns
428 2580 564 2599 nosceret,
585 2581 679 2598 auriam
700 2577 764 2599 beati
786 2578 885 2600 Amanti
906 2578 1034 2600 aritestitis
1054 2578 1180 2601 basilicam
1201 2581 1313 2601 sanctum
1333 2585 1421 2608 corpus
1440 2578 1466 2600 111
1485 2582 1558 2601 antea
1577 2578 1715 2607 transtulit,
1737 2577 1779 2602 sed
1799 2583 1848 2600 non
1867 2576 1913 2600 fult

295 2623 375 2639 rinstvv
396 2618 543 2646 arreptabilc
564 2619 606 2640 hoc
626 2626 696 2648 opus.

379 2696 393 2715 ’.ι
413 2695 537 2716 ‹rhei-rima
559 2695 577 2716 Ι,
702 2697 840 2725 pern-repuit
864 2697 889 2719 ,11
1016 2697 1040 2720 11
1065 2698 1121 2721 tblci
1141 2699 1224 2727 itaque
1243 2698 1418 2721 conuenientia
1436 2698 1556 2727 completa
1578 2697 1598 2720 L
1726 2696 1756 2720 16
1775 2699 1872 2727 petrum
1890 2698 1914 2719 et

295 2737 404 2764 lwhlmn'
426 2737 473 2759 rim
495 2740 524 2759 :⁹5¹
547 2738 610 2759 1111111
718 2738 747 2761 22
769 2740 868 2768 speciali
889 2740 988 2763 haustro
1009 2740 1028 2762 L
1135 2740 1166 2763 225
1187 2741 1226 2770 pia
1245 2738 1390 2772 deuotione]
1412 2747 1458 2763 orn.
1477 2741 1495 2763 L
1610 2740 1642 2763 40
1662 2740 1744 2763 furore
1761 2736 1914 2770 limphatico]

295 2778 326 2802 ιβ’,
352 2787 422 2807 “¹1⁴⁴
442 2788 455 2807 1¹
487 2782 526 2807 ,ἦκ’
550 2780 565 2802 l.
592 2783 616 2802 ΙΙ

1938 712 1964 730 10

1935 1224 1964 1243 2⁰

1935 1480 1965 1500 ‘25

1935 1740 1965 1758 30

1934 1995 1964 2014 35

1933 2251 1963 2271 ⁴0
