<?xml version="1.0" encoding="UTF-8"?>
<!DOCTYPE html PUBLIC "-//W3C//DTD XHTML 1.0 Transitional//EN"
    "http://www.w3.org/TR/xhtml1/DTD/xhtml1-transitional.dtd">
<html xmlns="http://www.w3.org/1999/xhtml" xml:lang="en" lang="en">
 <head>
  <title>
</title>
<meta http-equiv="Content-Type" content="text/html;charset=utf-8" />
  <meta name='ocr-system' content='tesseract 3.04.00' />
  <meta name='ocr-capabilities' content='ocr_page ocr_carea ocr_par ocr_line ocrx_word'/>
</head>
<body>
  <div class='ocr_page' id='page_1' title='image "./monumentagermani04geseuoft/monumentagermani04geseuoft_0591.png"; bbox 0 0 2038 3036; ppageno 0'>
   <div class='ocr_carea' id='block_1_1' title="bbox 744 119 1758 155">
    <p class='ocr_par' dir='ltr' id='par_1_1' title="bbox 744 119 1758 155">
     <span class='ocr_line' id='line_1_1' title="bbox 744 119 1758 155; baseline 0.009 -9"><span class='ocrx_word' id='word_1_1' title='bbox 744 120 834 147; x_wconf 73' lang='lat' dir='ltr'>VITA</span> <span class='ocrx_word' id='word_1_2' title='bbox 853 119 966 147; x_wconf 84' lang='lat' dir='ltr'>BEATI</span> <span class='ocrx_word' id='word_1_3' title='bbox 986 121 1170 148; x_wconf 71' lang='lat' dir='ltr'>MAVRILII.</span> <span class='ocrx_word' id='word_1_4' title='bbox 1725 129 1758 155; x_wconf 65' lang='lat'>91</span> 
     </span>
    </p>
   </div>
   <div class='ocr_carea' id='block_1_2' title="bbox 147 213 1766 407">
    <p class='ocr_par' dir='ltr' id='par_1_2' title="bbox 147 213 1766 407">
     <span class='ocr_line' id='line_1_2' title="bbox 153 213 1765 255; baseline 0.002 -10"><span class='ocrx_word' id='word_1_5' title='bbox 153 215 213 255; x_wconf 70' lang='lat'>(58)</span> <span class='ocrx_word' id='word_1_6' title='bbox 241 214 323 245; x_wconf 89' lang='lat' dir='ltr'>Dum</span> <span class='ocrx_word' id='word_1_7' title='bbox 347 214 444 254; x_wconf 82' lang='lat' dir='ltr'>igitur</span> <span class='ocrx_word' id='word_1_8' title='bbox 467 213 546 244; x_wconf 85' lang='grc'><strong>11366</strong></span> <span class='ocrx_word' id='word_1_9' title='bbox 569 213 601 243; x_wconf 88' lang='grc'>111</span> <span class='ocrx_word' id='word_1_10' title='bbox 622 213 722 244; x_wconf 81' lang='lat' dir='ltr'>vicem</span> <span class='ocrx_word' id='word_1_11' title='bbox 753 215 917 246; x_wconf 79' lang='lat' dir='ltr'>volverent</span> <span class='ocrx_word' id='word_1_12' title='bbox 944 225 1002 246; x_wconf 91' lang='grc'><strong>1166</strong></span> <span class='ocrx_word' id='word_1_13' title='bbox 1033 215 1169 247; x_wconf 85' lang='lat' dir='ltr'>diffinire</span> <span class='ocrx_word' id='word_1_14' title='bbox 1201 217 1360 249; x_wconf 77' lang='lat' dir='ltr'>valerent.</span> <span class='ocrx_word' id='word_1_15' title='bbox 1400 218 1502 249; x_wconf 82' lang='lat' dir='ltr'>subito</span> <span class='ocrx_word' id='word_1_16' title='bbox 1533 218 1765 249; x_wconf 84' lang='lat' dir='ltr'>sanctissimum</span> 
     </span>
     <span class='ocr_line' id='line_1_3' title="bbox 147 264 1764 308; baseline 0.002 -11"><span class='ocrx_word' id='word_1_17' title='bbox 147 268 277 297; x_wconf 85' lang='lat' dir='ltr'>sanetae</span> <span class='ocrx_word' id='word_1_18' title='bbox 308 265 395 296; x_wconf 88' lang='lat' dir='ltr'>sedis</span> <span class='ocrx_word' id='word_1_19' title='bbox 425 264 602 296; x_wconf 62' lang='grc' dir='ltr'><strong>ΤΜ-0111636</strong></span> <span class='ocrx_word' id='word_1_20' title='bbox 630 264 925 306; x_wconf 71' lang='lat' dir='ltr'>archiepiscopum.</span> <span class='ocrx_word' id='word_1_21' title='bbox 966 266 1055 297; x_wconf 83' lang='lat' dir='ltr'>cuius</span> <span class='ocrx_word' id='word_1_22' title='bbox 1085 270 1116 298; x_wconf 88' lang='lat' dir='ltr'>et</span> <span class='ocrx_word' id='word_1_23' title='bbox 1146 267 1247 307; x_wconf 88' lang='lat' dir='ltr'>potior</span> <span class='ocrx_word' id='word_1_24' title='bbox 1276 271 1343 299; x_wconf 84' lang='lat' dir='ltr'>erat</span> <span class='ocrx_word' id='word_1_25' title='bbox 1372 271 1512 308; x_wconf 82' lang='lat' dir='ltr'>potestas</span> <span class='ocrx_word' id='word_1_26' title='bbox 1544 268 1764 300; x_wconf 76' lang='lat' dir='ltr'>Andecavcnsi</span> 
     </span>
     <span class='ocr_line' id='line_1_4' title="bbox 148 315 1766 360; baseline 0.002 -13"><span class='ocrx_word' id='word_1_27' title='bbox 148 316 304 348; x_wconf 88' lang='lat' dir='ltr'>ecclesiae</span> <span class='ocrx_word' id='word_1_28' title='bbox 328 315 509 357; x_wconf 78' lang='lat' dir='ltr'>pontificem</span> <span class='ocrx_word' id='word_1_29' title='bbox 534 315 668 355; x_wconf 78' lang='lat' dir='ltr'>eligere.</span> <span class='ocrx_word' id='word_1_30' title='bbox 698 316 866 347; x_wconf 75' lang='lat' dir='ltr'>nunciatur</span> <span class='ocrx_word' id='word_1_31' title='bbox 888 316 1002 348; x_wconf 78' lang='lat' dir='ltr'>adesse</span> <span class='ocrx_word' id='word_1_32' title='bbox 1026 317 1205 348; x_wconf 74' lang='lat' dir='ltr'>Mal-tinum.</span> <span class='ocrx_word' id='word_1_33' title='bbox 1260 320 1317 357; x_wconf 63' lang='grc' dir='ltr'><strong>(711ὶῖ</strong></span> <span class='ocrx_word' id='word_1_34' title='bbox 1347 319 1448 350; x_wconf 86' lang='grc' dir='ltr'><strong>Η111115</strong></span> <span class='ocrx_word' id='word_1_35' title='bbox 1473 319 1547 350; x_wconf 90' lang='lat' dir='ltr'>dum</span> <span class='ocrx_word' id='word_1_36' title='bbox 1572 330 1674 360; x_wconf 85' lang='lat' dir='ltr'>paene</span> <span class='ocrx_word' id='word_1_37' title='bbox 1698 331 1766 350; x_wconf 82' lang='lat' dir='ltr'>om-</span> 
     </span>
     <span class='ocr_line' id='line_1_5' title="bbox 148 366 1762 407; baseline 0.002 -9"><span class='ocrx_word' id='word_1_38' title='bbox 148 377 205 398; x_wconf 88' lang='lat' dir='ltr'>nes</span> <span class='ocrx_word' id='word_1_39' title='bbox 230 367 418 398; x_wconf 88' lang='lat' dir='ltr'>sententiam</span> <span class='ocrx_word' id='word_1_40' title='bbox 443 366 723 407; x_wconf 79' lang='lat' dir='ltr'>praestolarentur.</span> <span class='ocrx_word' id='word_1_41' title='bbox 752 367 809 397; x_wconf 86' lang='lat' dir='ltr'>ait:</span> <span class='ocrx_word' id='word_1_42' title='bbox 839 367 903 398; x_wconf 83' lang='lat' dir='ltr'>Viri</span> <span class='ocrx_word' id='word_1_43' title='bbox 928 368 1052 407; x_wconf 80' lang='lat' dir='ltr'>fratres,</span> <span class='ocrx_word' id='word_1_44' title='bbox 1080 369 1188 400; x_wconf 86' lang='lat' dir='ltr'>audite</span> <span class='ocrx_word' id='word_1_45' title='bbox 1212 372 1243 400; x_wconf 87' lang='lat' dir='ltr'>et</span> <span class='ocrx_word' id='word_1_46' title='bbox 1266 369 1429 401; x_wconf 77' lang='lat' dir='ltr'>adtendite</span> <span class='ocrx_word' id='word_1_47' title='bbox 1454 370 1619 401; x_wconf 82' lang='lat' dir='ltr'>consilium</span> <span class='ocrx_word' id='word_1_48' title='bbox 1637 371 1762 402; x_wconf 87' lang='lat' dir='ltr'>bonum.</span> 
     </span>
    </p>
   </div>
   <div class='ocr_carea' id='block_1_3' title="bbox 114 417 1766 460">
    <p class='ocr_par' dir='ltr' id='par_1_3' title="bbox 114 417 1766 460">
     <span class='ocr_line' id='line_1_6' title="bbox 114 417 1766 460; baseline 0.004 -14"><span class='ocrx_word' id='word_1_49' title='bbox 114 428 127 446; x_wconf 74' lang='lat'>5</span> <span class='ocrx_word' id='word_1_50' title='bbox 148 418 209 455; x_wconf 80' lang='lat' dir='ltr'>Qui</span> <span class='ocrx_word' id='word_1_51' title='bbox 243 428 262 449; x_wconf 88' lang='lat' dir='ltr'>a</span> <span class='ocrx_word' id='word_1_52' title='bbox 292 418 352 448; x_wconf 91' lang='lat' dir='ltr'>deo</span> <span class='ocrx_word' id='word_1_53' title='bbox 384 417 474 449; x_wconf 83' lang='lat' dir='ltr'>vobis</span> <span class='ocrx_word' id='word_1_54' title='bbox 505 417 626 448; x_wconf 80' lang='lat' dir='ltr'>electus</span> <span class='ocrx_word' id='word_1_55' title='bbox 657 421 705 448; x_wconf 85' lang='lat' dir='ltr'>est</span> <span class='ocrx_word' id='word_1_56' title='bbox 736 418 876 458; x_wconf 81' lang='lat' dir='ltr'>pontifex</span> <span class='ocrx_word' id='word_1_57' title='bbox 908 418 1011 459; x_wconf 89' lang='lat' dir='ltr'>ipsum</span> <span class='ocrx_word' id='word_1_58' title='bbox 1043 420 1193 460; x_wconf 84' lang='lat' dir='ltr'>suscipite</span> <span class='ocrx_word' id='word_1_59' title='bbox 1225 421 1433 452; x_wconf 74' lang='lat' dir='ltr'>sacerdotem.</span> <span class='ocrx_word' id='word_1_60' title='bbox 1489 421 1572 452; x_wconf 75' lang='lat' dir='ltr'>Sane</span> <span class='ocrx_word' id='word_1_61' title='bbox 1602 422 1766 453; x_wconf 84' lang='lat' dir='ltr'>Maurilius</span> 
     </span>
    </p>
   </div>
   <div class='ocr_carea' id='block_1_4' title="bbox 98 683 126 702">
    <p class='ocr_par' dir='ltr' id='par_1_4' title="bbox 98 683 126 702">
     <span class='ocr_line' id='line_1_7' title="bbox 98 683 126 702; baseline -0.036 0"><span class='ocrx_word' id='word_1_62' title='bbox 98 683 126 702; x_wconf 80' lang='grc'>111</span> 
     </span>
    </p>
   </div>
   <div class='ocr_carea' id='block_1_5' title="bbox 98 938 125 957">
    <p class='ocr_par' dir='ltr' id='par_1_5' title="bbox 98 938 125 957">
     <span class='ocr_line' id='line_1_8' title="bbox 98 938 125 957; baseline 0.037 -1"><span class='ocrx_word' id='word_1_63' title='bbox 98 938 125 957; x_wconf 84' lang='lat'>15</span> 
     </span>
    </p>
   </div>
   <div class='ocr_carea' id='block_1_6' title="bbox 95 1447 126 1467">
    <p class='ocr_par' dir='ltr' id='par_1_6' title="bbox 95 1447 126 1467">
     <span class='ocr_line' id='line_1_9' title="bbox 95 1447 126 1467; baseline 0 0"><span class='ocrx_word' id='word_1_64' title='bbox 95 1447 126 1467; x_wconf 79' lang='lat'>25</span> 
     </span>
    </p>
   </div>
   <div class='ocr_carea' id='block_1_7' title="bbox 96 1704 125 1723">
    <p class='ocr_par' dir='ltr' id='par_1_7' title="bbox 96 1704 125 1723">
     <span class='ocr_line' id='line_1_10' title="bbox 96 1704 125 1723; baseline -0.034 0"><span class='ocrx_word' id='word_1_65' title='bbox 96 1704 125 1723; x_wconf 83' lang='grc'><strong>30</strong></span> 
     </span>
    </p>
   </div>
   <div class='ocr_carea' id='block_1_8' title="bbox 145 468 1768 1838">
    <p class='ocr_par' dir='ltr' id='par_1_8' title="bbox 145 468 1768 1430">
     <span class='ocr_line' id='line_1_11' title="bbox 147 468 1767 513; baseline 0.002 -13"><span class='ocrx_word' id='word_1_66' title='bbox 147 468 357 500; x_wconf 83' lang='lat' dir='ltr'>Calonnensis</span> <span class='ocrx_word' id='word_1_67' title='bbox 388 468 544 499; x_wconf 88' lang='lat' dir='ltr'>ecclesiae</span> <span class='ocrx_word' id='word_1_68' title='bbox 574 468 730 508; x_wconf 77' lang='lat' dir='ltr'>presbiter</span> <span class='ocrx_word' id='word_1_69' title='bbox 760 469 819 500; x_wconf 89' lang='lat' dir='ltr'>erit</span> <span class='ocrx_word' id='word_1_70' title='bbox 847 469 989 510; x_wconf 76' lang='lat' dir='ltr'>pontifex</span> <span class='ocrx_word' id='word_1_71' title='bbox 1019 474 1134 501; x_wconf 86' lang='lat' dir='ltr'>vester.</span> <span class='ocrx_word' id='word_1_72' title='bbox 1188 473 1244 509; x_wconf 59' lang='grc'><strong>16111</strong></span> <span class='ocrx_word' id='word_1_73' title='bbox 1275 470 1367 507; x_wconf 76' lang='lat' dir='ltr'>Quod</span> <span class='ocrx_word' id='word_1_74' title='bbox 1392 472 1558 504; x_wconf 78' lang='lat' dir='ltr'>audientes</span> <span class='ocrx_word' id='word_1_75' title='bbox 1582 473 1682 513; x_wconf 81' lang='lat' dir='ltr'>primo</span> <span class='ocrx_word' id='word_1_76' title='bbox 1708 473 1767 503; x_wconf 88' lang='grc'><strong>1111-</strong></span> 
     </span>
     <span class='ocr_line' id='line_1_12' title="bbox 147 519 1765 564; baseline 0.002 -13"><span class='ocrx_word' id='word_1_77' title='bbox 147 520 204 551; x_wconf 88' lang='lat' dir='ltr'>rati</span> <span class='ocrx_word' id='word_1_78' title='bbox 230 523 311 550; x_wconf 90' lang='lat' dir='ltr'>sunt.</span> <span class='ocrx_word' id='word_1_79' title='bbox 340 519 397 550; x_wconf 86' lang='lat' dir='ltr'>sed</span> <span class='ocrx_word' id='word_1_80' title='bbox 421 519 497 558; x_wconf 86' lang='lat' dir='ltr'>quia</span> <span class='ocrx_word' id='word_1_81' title='bbox 521 519 612 549; x_wconf 91' lang='lat' dir='ltr'>simul</span> <span class='ocrx_word' id='word_1_82' title='bbox 630 519 770 550; x_wconf 88' lang='lat' dir='ltr'>Maurilii</span> <span class='ocrx_word' id='word_1_83' title='bbox 794 520 855 550; x_wconf 87' lang='lat' dir='ltr'>iam</span> <span class='ocrx_word' id='word_1_84' title='bbox 880 524 1034 551; x_wconf 81' lang='lat' dir='ltr'>noverant</span> <span class='ocrx_word' id='word_1_85' title='bbox 1058 525 1088 552; x_wconf 88' lang='lat' dir='ltr'>et</span> <span class='ocrx_word' id='word_1_86' title='bbox 1111 522 1244 553; x_wconf 78' lang='lat' dir='ltr'>virtutes</span> <span class='ocrx_word' id='word_1_87' title='bbox 1269 526 1299 553; x_wconf 88' lang='lat' dir='ltr'>et</span> <span class='ocrx_word' id='word_1_88' title='bbox 1319 523 1440 554; x_wconf 84' lang='lat' dir='ltr'>merita.</span> <span class='ocrx_word' id='word_1_89' title='bbox 1469 524 1643 564; x_wconf 84' lang='lat' dir='ltr'>postposita</span> <span class='ocrx_word' id='word_1_90' title='bbox 1661 524 1765 555; x_wconf 79' lang='lat' dir='ltr'>statim</span> 
     </span>
     <span class='ocr_line' id='line_1_13' title="bbox 147 570 1767 616; baseline 0.003 -15"><span class='ocrx_word' id='word_1_91' title='bbox 147 570 229 602; x_wconf 91' lang='lat' dir='ltr'>omni</span> <span class='ocrx_word' id='word_1_92' title='bbox 254 570 349 611; x_wconf 88' lang='lat' dir='ltr'>priori</span> <span class='ocrx_word' id='word_1_93' title='bbox 373 570 554 610; x_wconf 77' lang='lat' dir='ltr'>ignorantia</span> <span class='ocrx_word' id='word_1_94' title='bbox 577 580 649 601; x_wconf 81' lang='lat' dir='ltr'>mox</span> <span class='ocrx_word' id='word_1_95' title='bbox 673 570 742 610; x_wconf 83' lang='lat' dir='ltr'>pari</span> <span class='ocrx_word' id='word_1_96' title='bbox 766 574 870 602; x_wconf 87' lang='lat' dir='ltr'>mente</span> <span class='ocrx_word' id='word_1_97' title='bbox 895 581 931 602; x_wconf 87' lang='lat' dir='ltr'>ac</span> <span class='ocrx_word' id='word_1_98' title='bbox 955 576 1025 603; x_wconf 76' lang='lat' dir='ltr'>voto</span> <span class='ocrx_word' id='word_1_99' title='bbox 1049 572 1080 602; x_wconf 93' lang='lat' dir='ltr'>in</span> <span class='ocrx_word' id='word_1_100' title='bbox 1105 582 1199 603; x_wconf 84' lang='lat' dir='ltr'>unam</span> <span class='ocrx_word' id='word_1_101' title='bbox 1224 583 1340 604; x_wconf 75' lang='lat' dir='ltr'>venere</span> <span class='ocrx_word' id='word_1_102' title='bbox 1364 574 1563 605; x_wconf 82' lang='lat' dir='ltr'>sententiam.</span> <span class='ocrx_word' id='word_1_103' title='bbox 1612 575 1767 616; x_wconf 75' lang='lat' dir='ltr'>Accepto-</span> 
     </span>
     <span class='ocr_line' id='line_1_14' title="bbox 146 621 1766 667; baseline 0.004 -16"><span class='ocrx_word' id='word_1_104' title='bbox 146 631 207 662; x_wconf 89' lang='lat' dir='ltr'>que</span> <span class='ocrx_word' id='word_1_105' title='bbox 232 621 338 652; x_wconf 91' lang='lat' dir='ltr'>domni</span> <span class='ocrx_word' id='word_1_106' title='bbox 362 621 593 661; x_wconf 83' lang='lat' dir='ltr'>archiepiscopi</span> <span class='ocrx_word' id='word_1_107' title='bbox 617 624 805 661; x_wconf 80' lang='lat' dir='ltr'>praecepto7</span> <span class='ocrx_word' id='word_1_108' title='bbox 833 622 997 653; x_wconf 88' lang='lat' dir='ltr'>celerrime</span> <span class='ocrx_word' id='word_1_109' title='bbox 1023 623 1202 663; x_wconf 83' lang='lat' dir='ltr'>diriguntur</span> <span class='ocrx_word' id='word_1_110' title='bbox 1225 624 1265 654; x_wconf 86' lang='lat' dir='ltr'>ad</span> <span class='ocrx_word' id='word_1_111' title='bbox 1290 624 1408 663; x_wconf 70' lang='lat' dir='ltr'>virum,</span> <span class='ocrx_word' id='word_1_112' title='bbox 1436 635 1527 664; x_wconf 79' lang='lat' dir='ltr'>quem</span> <span class='ocrx_word' id='word_1_113' title='bbox 1553 626 1601 656; x_wconf 79' lang='lat' dir='ltr'>lisi</span> <span class='ocrx_word' id='word_1_114' title='bbox 1626 626 1766 667; x_wconf 81' lang='lat' dir='ltr'>episcopi</span> 
     </span>
     <span class='ocr_line' id='line_1_15' title="bbox 147 672 1764 714; baseline 0.003 -11"><span class='ocrx_word' id='word_1_115' title='bbox 147 672 333 704; x_wconf 86' lang='lat' dir='ltr'>auctoritate</span> <span class='ocrx_word' id='word_1_116' title='bbox 358 672 397 703; x_wconf 89' lang='lat' dir='ltr'>de</span> <span class='ocrx_word' id='word_1_117' title='bbox 421 672 549 713; x_wconf 88' lang='lat' dir='ltr'>propria</span> <span class='ocrx_word' id='word_1_118' title='bbox 572 676 696 712; x_wconf 84' lang='lat' dir='ltr'>raptum</span> <span class='ocrx_word' id='word_1_119' title='bbox 721 673 858 704; x_wconf 85' lang='grc'><strong>66616513</strong></span> <span class='ocrx_word' id='word_1_120' title='bbox 883 673 1009 704; x_wconf 83' lang='lat' dir='ltr'>Martini</span> <span class='ocrx_word' id='word_1_121' title='bbox 1033 675 1233 714; x_wconf 83' lang='lat' dir='ltr'>praescntiae</span> <span class='ocrx_word' id='word_1_122' title='bbox 1258 675 1415 706; x_wconf 90' lang='lat' dir='ltr'>nolentem</span> <span class='ocrx_word' id='word_1_123' title='bbox 1441 676 1565 707; x_wconf 86' lang='lat' dir='ltr'>sistunt.</span> <span class='ocrx_word' id='word_1_124' title='bbox 1630 678 1677 707; x_wconf 66' lang='grc'>611</span> <span class='ocrx_word' id='word_1_125' title='bbox 1707 677 1764 714; x_wconf 75' lang='lat' dir='ltr'>Qui</span> 
     </span>
     <span class='ocr_line' id='line_1_16' title="bbox 147 723 1767 764; baseline 0.004 -10"><span class='ocrx_word' id='word_1_126' title='bbox 147 724 220 755; x_wconf 88' lang='lat' dir='ltr'>dum</span> <span class='ocrx_word' id='word_1_127' title='bbox 246 733 315 755; x_wconf 89' lang='lat' dir='ltr'>cum</span> <span class='ocrx_word' id='word_1_128' title='bbox 339 724 432 754; x_wconf 85' lang='lat' dir='ltr'>beato</span> <span class='ocrx_word' id='word_1_129' title='bbox 449 723 583 754; x_wconf 81' lang='lat' dir='ltr'>Martino</span> <span class='ocrx_word' id='word_1_130' title='bbox 607 723 669 753; x_wconf 81' lang='lat' dir='ltr'>iam</span> <span class='ocrx_word' id='word_1_131' title='bbox 694 724 863 755; x_wconf 89' lang='lat' dir='ltr'>ecclesiam</span> <span class='ocrx_word' id='word_1_132' title='bbox 886 724 1116 764; x_wconf 75' lang='lat' dir='ltr'>ingrederetur7</span> <span class='ocrx_word' id='word_1_133' title='bbox 1146 726 1251 756; x_wconf 87' lang='lat' dir='ltr'>statim</span> <span class='ocrx_word' id='word_1_134' title='bbox 1275 725 1317 756; x_wconf 84' lang='lat' dir='ltr'>ad</span> <span class='ocrx_word' id='word_1_135' title='bbox 1341 726 1535 757; x_wconf 85' lang='lat' dir='ltr'>declaranda</span> <span class='ocrx_word' id='word_1_136' title='bbox 1558 729 1636 759; x_wconf 87' lang='lat' dir='ltr'>tanti</span> <span class='ocrx_word' id='word_1_137' title='bbox 1662 738 1767 760; x_wconf 77' lang='lat' dir='ltr'>sacer-</span> 
     </span>
     <span class='ocr_line' id='line_1_17' title="bbox 147 774 1765 817; baseline 0.003 -11"><span class='ocrx_word' id='word_1_138' title='bbox 147 775 230 806; x_wconf 87' lang='lat' dir='ltr'>dotis</span> <span class='ocrx_word' id='word_1_139' title='bbox 260 775 373 806; x_wconf 86' lang='lat' dir='ltr'>merita</span> <span class='ocrx_word' id='word_1_140' title='bbox 404 774 496 805; x_wconf 87' lang='lat' dir='ltr'>niveo</span> <span class='ocrx_word' id='word_1_141' title='bbox 528 774 666 806; x_wconf 86' lang='lat' dir='ltr'>candore</span> <span class='ocrx_word' id='word_1_142' title='bbox 696 775 840 806; x_wconf 87' lang='lat' dir='ltr'>columba</span> <span class='ocrx_word' id='word_1_143' title='bbox 874 775 1026 807; x_wconf 87' lang='lat' dir='ltr'>divinitus</span> <span class='ocrx_word' id='word_1_144' title='bbox 1051 776 1161 816; x_wconf 86' lang='lat' dir='ltr'>elapsa</span> <span class='ocrx_word' id='word_1_145' title='bbox 1185 786 1279 816; x_wconf 82' lang='lat' dir='ltr'>super</span> <span class='ocrx_word' id='word_1_146' title='bbox 1302 781 1397 817; x_wconf 80' lang='lat' dir='ltr'>caput</span> <span class='ocrx_word' id='word_1_147' title='bbox 1420 778 1519 817; x_wconf 87' lang='lat' dir='ltr'>ipsius</span> <span class='ocrx_word' id='word_1_148' title='bbox 1544 778 1708 810; x_wconf 82' lang='lat' dir='ltr'>deseendit</span> <span class='ocrx_word' id='word_1_149' title='bbox 1730 790 1765 811; x_wconf 86' lang='lat' dir='ltr'>ac</span> 
     </span>
     <span class='ocr_line' id='line_1_18' title="bbox 147 825 1766 868; baseline 0.002 -10"><span class='ocrx_word' id='word_1_150' title='bbox 147 826 239 858; x_wconf 87' lang='lat' dir='ltr'>sedit.</span> <span class='ocrx_word' id='word_1_151' title='bbox 282 825 375 863; x_wconf 86' lang='lat' dir='ltr'>Quod</span> <span class='ocrx_word' id='word_1_152' title='bbox 398 825 544 856; x_wconf 79' lang='lat' dir='ltr'>videntes</span> <span class='ocrx_word' id='word_1_153' title='bbox 568 825 658 856; x_wconf 89' lang='lat' dir='ltr'>multi</span> <span class='ocrx_word' id='word_1_154' title='bbox 683 826 723 857; x_wconf 87' lang='lat' dir='ltr'>ad</span> <span class='ocrx_word' id='word_1_155' title='bbox 748 826 833 857; x_wconf 85' lang='lat' dir='ltr'>beati</span> <span class='ocrx_word' id='word_1_156' title='bbox 858 826 986 857; x_wconf 88' lang='lat' dir='ltr'>Martini</span> <span class='ocrx_word' id='word_1_157' title='bbox 1011 836 1083 857; x_wconf 84' lang='lat' dir='ltr'>mox</span> <span class='ocrx_word' id='word_1_158' title='bbox 1108 836 1141 857; x_wconf 81' lang='grc'>56</span> <span class='ocrx_word' id='word_1_159' title='bbox 1165 836 1199 858; x_wconf 88' lang='grc'>56</span> <span class='ocrx_word' id='word_1_160' title='bbox 1223 837 1328 867; x_wconf 80' lang='lat' dir='ltr'>genua</span> <span class='ocrx_word' id='word_1_161' title='bbox 1349 831 1586 868; x_wconf 80' lang='lat' dir='ltr'>prostraverunt</span> <span class='ocrx_word' id='word_1_162' title='bbox 1602 830 1766 861; x_wconf 86' lang='lat' dir='ltr'>unanimes</span> 
     </span>
     <span class='ocr_line' id='line_1_19' title="bbox 147 877 1768 918; baseline 0.002 -11"><span class='ocrx_word' id='word_1_163' title='bbox 147 887 210 908; x_wconf 89' lang='lat' dir='ltr'>una</span> <span class='ocrx_word' id='word_1_164' title='bbox 233 886 310 908; x_wconf 85' lang='lat' dir='ltr'>voce</span> <span class='ocrx_word' id='word_1_165' title='bbox 334 877 472 908; x_wconf 88' lang='lat' dir='ltr'>fideliter</span> <span class='ocrx_word' id='word_1_166' title='bbox 496 877 711 908; x_wconf 83' lang='lat' dir='ltr'>acclamantes</span> <span class='ocrx_word' id='word_1_167' title='bbox 735 877 916 908; x_wconf 85' lang='lat' dir='ltr'>Maurilium</span> <span class='ocrx_word' id='word_1_168' title='bbox 941 878 1126 918; x_wconf 86' lang='lat' dir='ltr'>episcopatu</span> <span class='ocrx_word' id='word_1_169' title='bbox 1150 887 1221 909; x_wconf 84' lang='lat' dir='ltr'>esse</span> <span class='ocrx_word' id='word_1_170' title='bbox 1246 878 1484 918; x_wconf 78' lang='lat' dir='ltr'>dignissimum⁷</span> <span class='ocrx_word' id='word_1_171' title='bbox 1517 889 1578 910; x_wconf 92' lang='grc'><strong>11011</strong></span> <span class='ocrx_word' id='word_1_172' title='bbox 1603 881 1642 910; x_wconf 82' lang='grc'>311</span> <span class='ocrx_word' id='word_1_173' title='bbox 1667 881 1768 911; x_wconf 86' lang='grc'><strong>1101111-</strong></span> 
     </span>
     <span class='ocr_line' id='line_1_20' title="bbox 146 928 1766 969; baseline 0.002 -10"><span class='ocrx_word' id='word_1_174' title='bbox 146 928 239 959; x_wconf 85' lang='grc'><strong>11111115</strong></span> <span class='ocrx_word' id='word_1_175' title='bbox 262 931 385 959; x_wconf 82' lang='grc'><strong>1311111111</strong></span> <span class='ocrx_word' id='word_1_176' title='bbox 409 928 467 959; x_wconf 87' lang='lat' dir='ltr'>sed</span> <span class='ocrx_word' id='word_1_177' title='bbox 490 928 529 959; x_wconf 90' lang='lat' dir='ltr'>ab</span> <span class='ocrx_word' id='word_1_178' title='bbox 554 928 767 969; x_wconf 83' lang='lat' dir='ltr'>omnipotente</span> <span class='ocrx_word' id='word_1_179' title='bbox 793 929 927 959; x_wconf 86' lang='lat' dir='ltr'>electum</span> <span class='ocrx_word' id='word_1_180' title='bbox 952 938 990 959; x_wconf 88' lang='lat' dir='ltr'>ac</span> <span class='ocrx_word' id='word_1_181' title='bbox 1015 928 1276 960; x_wconf 83' lang='lat' dir='ltr'>demonstratum.</span> <span class='ocrx_word' id='word_1_182' title='bbox 1331 930 1387 968; x_wconf 59' lang='lat'>³62]</span> <span class='ocrx_word' id='word_1_183' title='bbox 1419 930 1499 960; x_wconf 90' lang='lat' dir='ltr'>Tum</span> <span class='ocrx_word' id='word_1_184' title='bbox 1521 931 1687 962; x_wconf 84' lang='lat' dir='ltr'>Maurilius</span> <span class='ocrx_word' id='word_1_185' title='bbox 1711 932 1766 962; x_wconf 87' lang='lat' dir='ltr'>tali</span> 
     </span>
     <span class='ocr_line' id='line_1_21' title="bbox 145 979 1767 1020; baseline 0.002 -10"><span class='ocrx_word' id='word_1_186' title='bbox 145 980 196 1010; x_wconf 77' lang='lat' dir='ltr'>vel</span> <span class='ocrx_word' id='word_1_187' title='bbox 221 979 373 1011; x_wconf 89' lang='lat' dir='ltr'>miraculo</span> <span class='ocrx_word' id='word_1_188' title='bbox 397 980 448 1011; x_wconf 75' lang='lat' dir='ltr'>vel</span> <span class='ocrx_word' id='word_1_189' title='bbox 473 980 620 1020; x_wconf 90' lang='lat' dir='ltr'>precibus</span> <span class='ocrx_word' id='word_1_190' title='bbox 644 979 747 1010; x_wconf 78' lang='lat' dir='ltr'>vietus</span> <span class='ocrx_word' id='word_1_191' title='bbox 771 979 890 1020; x_wconf 87' lang='lat' dir='ltr'>pariter</span> <span class='ocrx_word' id='word_1_192' title='bbox 913 983 944 1010; x_wconf 90' lang='lat' dir='ltr'>et</span> <span class='ocrx_word' id='word_1_193' title='bbox 968 979 1122 1019; x_wconf 59' lang='lat' dir='ltr'>addictus.</span> <span class='ocrx_word' id='word_1_194' title='bbox 1151 984 1184 1011; x_wconf 87' lang='lat' dir='ltr'>ut</span> <span class='ocrx_word' id='word_1_195' title='bbox 1208 984 1275 1012; x_wconf 83' lang='lat' dir='ltr'>erat</span> <span class='ocrx_word' id='word_1_196' title='bbox 1291 980 1419 1011; x_wconf 79' lang='lat' dir='ltr'>humilis</span> <span class='ocrx_word' id='word_1_197' title='bbox 1437 985 1467 1012; x_wconf 91' lang='lat' dir='ltr'>et</span> <span class='ocrx_word' id='word_1_198' title='bbox 1483 981 1678 1013; x_wconf 82' lang='lat' dir='ltr'>mitissimus.</span> <span class='ocrx_word' id='word_1_199' title='bbox 1707 993 1767 1013; x_wconf 81' lang='lat' dir='ltr'>non</span> 
     </span>
     <span class='ocr_line' id='line_1_22' title="bbox 146 1030 1767 1071; baseline 0.001 -9"><span class='ocrx_word' id='word_1_200' title='bbox 146 1030 334 1071; x_wconf 88' lang='lat' dir='ltr'>contempsit</span> <span class='ocrx_word' id='word_1_201' title='bbox 362 1030 548 1071; x_wconf 68' lang='lat' dir='ltr'>imperium.</span> <span class='ocrx_word' id='word_1_202' title='bbox 583 1030 640 1061; x_wconf 83' lang='lat' dir='ltr'>sed</span> <span class='ocrx_word' id='word_1_203' title='bbox 663 1030 800 1071; x_wconf 86' lang='lat' dir='ltr'>implens</span> <span class='ocrx_word' id='word_1_204' title='bbox 825 1034 1027 1071; x_wconf 86' lang='lat' dir='ltr'>pracceptum</span> <span class='ocrx_word' id='word_1_205' title='bbox 1053 1031 1194 1071; x_wconf 72' lang='lat' dir='ltr'>suscepit</span> <span class='ocrx_word' id='word_1_206' title='bbox 1218 1031 1439 1062; x_wconf 75' lang='lat' dir='ltr'>sacerdotium.</span> <span class='ocrx_word' id='word_1_207' title='bbox 1489 1033 1586 1063; x_wconf 88' lang='lat' dir='ltr'>Nam.</span> <span class='ocrx_word' id='word_1_208' title='bbox 1622 1037 1655 1064; x_wconf 87' lang='lat' dir='ltr'>ut</span> <span class='ocrx_word' id='word_1_209' title='bbox 1679 1034 1767 1065; x_wconf 88' lang='lat' dir='ltr'>multi</span> 
     </span>
     <span class='ocr_line' id='line_1_23' title="bbox 146 1081 1767 1121; baseline 0.002 -9"><span class='ocrx_word' id='word_1_210' title='bbox 146 1081 255 1113; x_wconf 84' lang='lat' dir='ltr'>videre</span> <span class='ocrx_word' id='word_1_211' title='bbox 286 1085 483 1121; x_wconf 66' lang='lat' dir='ltr'>meruerunt.</span> <span class='ocrx_word' id='word_1_212' title='bbox 518 1081 800 1121; x_wconf 81' lang='lat' dir='ltr'>quotienscumque</span> <span class='ocrx_word' id='word_1_213' title='bbox 831 1082 943 1112; x_wconf 88' lang='grc'><strong>11631115</strong></span> <span class='ocrx_word' id='word_1_214' title='bbox 968 1082 1121 1113; x_wconf 85' lang='lat' dir='ltr'>Martinus</span> <span class='ocrx_word' id='word_1_215' title='bbox 1153 1082 1195 1113; x_wconf 82' lang='lat' dir='ltr'>ad</span> <span class='ocrx_word' id='word_1_216' title='bbox 1226 1092 1349 1113; x_wconf 85' lang='lat' dir='ltr'>sacram</span> <span class='ocrx_word' id='word_1_217' title='bbox 1380 1084 1587 1114; x_wconf 87' lang='lat' dir='ltr'>consecrandi</span> <span class='ocrx_word' id='word_1_218' title='bbox 1617 1084 1767 1116; x_wconf 82' lang='lat' dir='ltr'>antistitis</span> 
     </span>
     <span class='ocr_line' id='line_1_24' title="bbox 146 1132 1767 1174; baseline 0.001 -10"><span class='ocrx_word' id='word_1_219' title='bbox 146 1133 400 1164; x_wconf 85' lang='lat' dir='ltr'>benedictionem</span> <span class='ocrx_word' id='word_1_220' title='bbox 426 1142 522 1173; x_wconf 90' lang='lat' dir='ltr'>super</span> <span class='ocrx_word' id='word_1_221' title='bbox 545 1136 639 1173; x_wconf 86' lang='grc'><strong>631131</strong></span> <span class='ocrx_word' id='word_1_222' title='bbox 663 1133 730 1164; x_wconf 89' lang='grc'><strong>61115</strong></span> <span class='ocrx_word' id='word_1_223' title='bbox 756 1132 953 1164; x_wconf 76' lang='lat' dir='ltr'>extendisset</span> <span class='ocrx_word' id='word_1_224' title='bbox 976 1143 1119 1165; x_wconf 81' lang='lat' dir='ltr'>manum.</span> <span class='ocrx_word' id='word_1_225' title='bbox 1152 1143 1277 1174; x_wconf 80' lang='lat' dir='ltr'>semper</span> <span class='ocrx_word' id='word_1_226' title='bbox 1302 1134 1330 1164; x_wconf 91' lang='lat' dir='ltr'>ei</span> <span class='ocrx_word' id='word_1_227' title='bbox 1356 1134 1502 1174; x_wconf 86' lang='lat' dir='ltr'>praefata</span> <span class='ocrx_word' id='word_1_228' title='bbox 1525 1135 1645 1166; x_wconf 89' lang='lat' dir='ltr'>aditum</span> <span class='ocrx_word' id='word_1_229' title='bbox 1671 1136 1767 1167; x_wconf 85' lang='lat' dir='ltr'>dabat</span> 
     </span>
     <span class='ocr_line' id='line_1_25' title="bbox 147 1184 1766 1224; baseline 0.002 -10"><span class='ocrx_word' id='word_1_230' title='bbox 147 1184 306 1215; x_wconf 86' lang='lat' dir='ltr'>columba.</span> <span class='ocrx_word' id='word_1_231' title='bbox 368 1185 425 1223; x_wconf 63' lang='grc' dir='ltr'>(6ῧῖ</span> <span class='ocrx_word' id='word_1_232' title='bbox 462 1184 534 1215; x_wconf 87' lang='grc' dir='ltr'><strong>Τ311</strong></span> <span class='ocrx_word' id='word_1_233' title='bbox 568 1184 665 1224; x_wconf 78' lang='lat' dir='ltr'>igitur</span> <span class='ocrx_word' id='word_1_234' title='bbox 699 1184 850 1215; x_wconf 89' lang='lat' dir='ltr'>miraculo</span> <span class='ocrx_word' id='word_1_235' title='bbox 886 1187 1014 1215; x_wconf 84' lang='lat' dir='ltr'>sanctae</span> <span class='ocrx_word' id='word_1_236' title='bbox 1046 1184 1268 1216; x_wconf 76' lang='lat' dir='ltr'>Andecavensi</span> <span class='ocrx_word' id='word_1_237' title='bbox 1304 1185 1397 1215; x_wconf 86' lang='lat' dir='ltr'>matri</span> <span class='ocrx_word' id='word_1_238' title='bbox 1431 1185 1586 1217; x_wconf 84' lang='lat' dir='ltr'>ecelesiae</span> <span class='ocrx_word' id='word_1_239' title='bbox 1621 1186 1766 1218; x_wconf 83' lang='lat' dir='ltr'>Maurilio</span> 
     </span>
     <span class='ocr_line' id='line_1_26' title="bbox 146 1235 1767 1277; baseline 0.001 -11"><span class='ocrx_word' id='word_1_240' title='bbox 146 1235 294 1276; x_wconf 83' lang='lat' dir='ltr'>pontifice</span> <span class='ocrx_word' id='word_1_241' title='bbox 318 1235 487 1266; x_wconf 84' lang='lat' dir='ltr'>substituto</span> <span class='ocrx_word' id='word_1_242' title='bbox 512 1238 543 1266; x_wconf 88' lang='lat' dir='ltr'>et</span> <span class='ocrx_word' id='word_1_243' title='bbox 565 1235 658 1266; x_wconf 87' lang='lat' dir='ltr'>heato</span> <span class='ocrx_word' id='word_1_244' title='bbox 682 1235 817 1266; x_wconf 86' lang='lat' dir='ltr'>Martino</span> <span class='ocrx_word' id='word_1_245' title='bbox 842 1235 882 1266; x_wconf 86' lang='lat' dir='ltr'>ad</span> <span class='ocrx_word' id='word_1_246' title='bbox 906 1235 1063 1276; x_wconf 88' lang='lat' dir='ltr'>propriam</span> <span class='ocrx_word' id='word_1_247' title='bbox 1088 1235 1197 1266; x_wconf 82' lang='lat' dir='ltr'>sedem</span> <span class='ocrx_word' id='word_1_248' title='bbox 1222 1246 1382 1275; x_wconf 53' lang='lat' dir='ltr'>regresso.</span> <span class='ocrx_word' id='word_1_249' title='bbox 1411 1236 1495 1267; x_wconf 90' lang='lat' dir='ltr'>idem</span> <span class='ocrx_word' id='word_1_250' title='bbox 1519 1237 1767 1277; x_wconf 82' lang='lat' dir='ltr'>pretiosissimus</span> 
     </span>
     <span class='ocr_line' id='line_1_27' title="bbox 146 1286 1767 1327; baseline 0.001 -10"><span class='ocrx_word' id='word_1_251' title='bbox 146 1286 308 1318; x_wconf 89' lang='lat' dir='ltr'>confessor</span> <span class='ocrx_word' id='word_1_252' title='bbox 332 1286 449 1318; x_wconf 85' lang='lat' dir='ltr'>Christi</span> <span class='ocrx_word' id='word_1_253' title='bbox 474 1286 629 1317; x_wconf 86' lang='lat' dir='ltr'>Martinus</span> <span class='ocrx_word' id='word_1_254' title='bbox 654 1286 771 1318; x_wconf 86' lang='lat' dir='ltr'>referre</span> <span class='ocrx_word' id='word_1_255' title='bbox 796 1286 925 1327; x_wconf 87' lang='lat' dir='ltr'>saepius</span> <span class='ocrx_word' id='word_1_256' title='bbox 950 1289 1017 1318; x_wconf 80' lang='lat' dir='ltr'>erat</span> <span class='ocrx_word' id='word_1_257' title='bbox 1042 1287 1170 1325; x_wconf 80' lang='grc'><strong>50111115,</strong></span> <span class='ocrx_word' id='word_1_258' title='bbox 1198 1287 1282 1326; x_wconf 82' lang='lat' dir='ltr'>quod</span> <span class='ocrx_word' id='word_1_259' title='bbox 1306 1287 1347 1318; x_wconf 89' lang='lat' dir='ltr'>ad</span> <span class='ocrx_word' id='word_1_260' title='bbox 1371 1287 1625 1318; x_wconf 87' lang='lat' dir='ltr'>benedicendum</span> <span class='ocrx_word' id='word_1_261' title='bbox 1649 1288 1767 1319; x_wconf 83' lang='lat' dir='ltr'>Mauri-</span> 
     </span>
     <span class='ocr_line' id='line_1_28' title="bbox 145 1337 1767 1378; baseline 0.001 -10"><span class='ocrx_word' id='word_1_262' title='bbox 145 1338 222 1369; x_wconf 91' lang='lat' dir='ltr'>lium</span> <span class='ocrx_word' id='word_1_263' title='bbox 254 1338 426 1369; x_wconf 84' lang='lat' dir='ltr'>antistitem</span> <span class='ocrx_word' id='word_1_264' title='bbox 458 1348 521 1368; x_wconf 89' lang='lat' dir='ltr'>non</span> <span class='ocrx_word' id='word_1_265' title='bbox 552 1337 651 1368; x_wconf 89' lang='lat' dir='ltr'>solum</span> <span class='ocrx_word' id='word_1_266' title='bbox 678 1337 710 1368; x_wconf 92' lang='lat' dir='ltr'>in</span> <span class='ocrx_word' id='word_1_267' title='bbox 735 1338 840 1378; x_wconf 85' lang='grc'><strong>5116616</strong></span> <span class='ocrx_word' id='word_1_268' title='bbox 865 1338 1030 1368; x_wconf 83' lang='lat' dir='ltr'>columbae</span> <span class='ocrx_word' id='word_1_269' title='bbox 1055 1337 1184 1378; x_wconf 86' lang='lat' dir='ltr'>spiritus</span> <span class='ocrx_word' id='word_1_270' title='bbox 1209 1341 1338 1369; x_wconf 85' lang='grc'><strong>53116135</strong></span> <span class='ocrx_word' id='word_1_271' title='bbox 1362 1337 1417 1369; x_wconf 89' lang='lat' dir='ltr'>sed</span> <span class='ocrx_word' id='word_1_272' title='bbox 1441 1338 1536 1369; x_wconf 86' lang='lat' dir='ltr'>etiam</span> <span class='ocrx_word' id='word_1_273' title='bbox 1559 1339 1685 1370; x_wconf 84' lang='lat' dir='ltr'>affuerit</span> <span class='ocrx_word' id='word_1_274' title='bbox 1709 1350 1767 1370; x_wconf 86' lang='lat' dir='ltr'>an—</span> 
     </span>
     <span class='ocr_line' id='line_1_29' title="bbox 146 1388 482 1430; baseline -0.003 -10"><span class='ocrx_word' id='word_1_275' title='bbox 146 1390 289 1430; x_wconf 78' lang='lat' dir='ltr'>gelorum</span> <span class='ocrx_word' id='word_1_276' title='bbox 314 1388 482 1420; x_wconf 81' lang='lat' dir='ltr'>exereitus.</span> 
     </span>
    </p>

    <p class='ocr_par' dir='ltr' id='par_1_9' title="bbox 145 1438 1768 1838">
     <span class='ocr_line' id='line_1_30' title="bbox 237 1438 1768 1480; baseline 0.001 -10"><span class='ocrx_word' id='word_1_277' title='bbox 237 1441 297 1479; x_wconf 74' lang='lat'>(64)</span> <span class='ocrx_word' id='word_1_278' title='bbox 330 1439 484 1471; x_wconf 89' lang='lat' dir='ltr'>Ordinato</span> <span class='ocrx_word' id='word_1_279' title='bbox 515 1439 622 1479; x_wconf 88' lang='lat' dir='ltr'>itaque</span> <span class='ocrx_word' id='word_1_280' title='bbox 654 1440 685 1470; x_wconf 90' lang='lat' dir='ltr'>in</span> <span class='ocrx_word' id='word_1_281' title='bbox 717 1438 891 1480; x_wconf 86' lang='lat' dir='ltr'>pontificali</span> <span class='ocrx_word' id='word_1_282' title='bbox 921 1439 1073 1470; x_wconf 82' lang='lat' dir='ltr'>cathedra</span> <span class='ocrx_word' id='word_1_283' title='bbox 1102 1439 1144 1470; x_wconf 84' lang='lat' dir='ltr'>ad</span> <span class='ocrx_word' id='word_1_284' title='bbox 1175 1440 1343 1479; x_wconf 86' lang='lat' dir='ltr'>pastoralis</span> <span class='ocrx_word' id='word_1_285' title='bbox 1375 1450 1469 1471; x_wconf 89' lang='lat' dir='ltr'>curae</span> <span class='ocrx_word' id='word_1_286' title='bbox 1498 1441 1706 1472; x_wconf 84' lang='lat' dir='ltr'>ministerium</span> <span class='ocrx_word' id='word_1_287' title='bbox 1738 1445 1768 1473; x_wconf 91' lang='lat' dir='ltr'>et</span> 
     </span>
     <span class='ocr_line' id='line_1_31' title="bbox 146 1490 1767 1531; baseline 0 -9"><span class='ocrx_word' id='word_1_288' title='bbox 146 1490 321 1522; x_wconf 86' lang='lat' dir='ltr'>custodiam</span> <span class='ocrx_word' id='word_1_289' title='bbox 346 1490 462 1522; x_wconf 84' lang='lat' dir='ltr'>Christi</span> <span class='ocrx_word' id='word_1_290' title='bbox 487 1490 592 1521; x_wconf 79' lang='lat' dir='ltr'>ovium</span> <span class='ocrx_word' id='word_1_291' title='bbox 610 1490 757 1521; x_wconf 90' lang='lat' dir='ltr'>Maurilio</span> <span class='ocrx_word' id='word_1_292' title='bbox 781 1490 939 1531; x_wconf 79' lang='lat' dir='ltr'>pontifice,</span> <span class='ocrx_word' id='word_1_293' title='bbox 966 1493 1055 1521; x_wconf 88' lang='lat' dir='ltr'>tanta</span> <span class='ocrx_word' id='word_1_294' title='bbox 1079 1491 1110 1520; x_wconf 88' lang='lat' dir='ltr'>in</span> <span class='ocrx_word' id='word_1_295' title='bbox 1134 1500 1170 1521; x_wconf 87' lang='lat' dir='ltr'>eo</span> <span class='ocrx_word' id='word_1_296' title='bbox 1195 1490 1313 1521; x_wconf 80' lang='lat' dir='ltr'>domini</span> <span class='ocrx_word' id='word_1_297' title='bbox 1337 1491 1440 1531; x_wconf 81' lang='lat' dir='ltr'>gratia</span> <span class='ocrx_word' id='word_1_298' title='bbox 1463 1492 1622 1523; x_wconf 75' lang='lat' dir='ltr'>rutilabat.</span> <span class='ocrx_word' id='word_1_299' title='bbox 1650 1496 1683 1523; x_wconf 87' lang='lat' dir='ltr'>ut</span> <span class='ocrx_word' id='word_1_300' title='bbox 1706 1502 1767 1523; x_wconf 89' lang='lat' dir='ltr'>non</span> 
     </span>
     <span class='ocr_line' id='line_1_32' title="bbox 146 1541 1768 1583; baseline 0 -10"><span class='ocrx_word' id='word_1_301' title='bbox 146 1542 268 1573; x_wconf 85' lang='lat' dir='ltr'>minora</span> <span class='ocrx_word' id='word_1_302' title='bbox 291 1552 347 1583; x_wconf 89' lang='lat' dir='ltr'>per</span> <span class='ocrx_word' id='word_1_303' title='bbox 371 1552 443 1573; x_wconf 91' lang='lat' dir='ltr'>eum</span> <span class='ocrx_word' id='word_1_304' title='bbox 468 1551 563 1581; x_wconf 86' lang='lat' dir='ltr'>quam</span> <span class='ocrx_word' id='word_1_305' title='bbox 588 1541 708 1572; x_wconf 88' lang='lat' dir='ltr'>dudum</span> <span class='ocrx_word' id='word_1_306' title='bbox 734 1551 791 1581; x_wconf 89' lang='lat' dir='ltr'>per</span> <span class='ocrx_word' id='word_1_307' title='bbox 814 1541 975 1582; x_wconf 77' lang='lat' dir='ltr'>apostolos</span> <span class='ocrx_word' id='word_1_308' title='bbox 999 1541 1092 1581; x_wconf 74' lang='lat' dir='ltr'>signa</span> <span class='ocrx_word' id='word_1_309' title='bbox 1116 1544 1147 1572; x_wconf 89' lang='lat' dir='ltr'>et</span> <span class='ocrx_word' id='word_1_310' title='bbox 1165 1541 1318 1572; x_wconf 82' lang='lat' dir='ltr'>miracula</span> <span class='ocrx_word' id='word_1_311' title='bbox 1335 1541 1455 1573; x_wconf 88' lang='lat' dir='ltr'>fierent.</span> <span class='ocrx_word' id='word_1_312' title='bbox 1510 1544 1569 1582; x_wconf 68' lang='lat'>(65)</span> <span class='ocrx_word' id='word_1_313' title='bbox 1598 1543 1679 1573; x_wconf 79' lang='lat' dir='ltr'>Nam</span> <span class='ocrx_word' id='word_1_314' title='bbox 1696 1553 1768 1574; x_wconf 78' lang='lat' dir='ltr'>ver-</span> 
     </span>
     <span class='ocr_line' id='line_1_33' title="bbox 145 1593 1768 1632; baseline 0.001 -8"><span class='ocrx_word' id='word_1_315' title='bbox 145 1593 195 1624; x_wconf 85' lang='lat' dir='ltr'>bis</span> <span class='ocrx_word' id='word_1_316' title='bbox 224 1596 345 1624; x_wconf 88' lang='lat' dir='ltr'>tantum</span> <span class='ocrx_word' id='word_1_317' title='bbox 377 1593 550 1624; x_wconf 89' lang='lat' dir='ltr'>daemones</span> <span class='ocrx_word' id='word_1_318' title='bbox 581 1593 761 1632; x_wconf 66' lang='lat' dir='ltr'>effugabat,</span> <span class='ocrx_word' id='word_1_319' title='bbox 797 1595 944 1632; x_wconf 82' lang='lat' dir='ltr'>aegrotos</span> <span class='ocrx_word' id='word_1_320' title='bbox 975 1602 1048 1623; x_wconf 84' lang='lat' dir='ltr'>vero</span> <span class='ocrx_word' id='word_1_321' title='bbox 1081 1593 1148 1623; x_wconf 82' lang='lat' dir='ltr'>sola</span> <span class='ocrx_word' id='word_1_322' title='bbox 1177 1593 1318 1623; x_wconf 87' lang='lat' dir='ltr'>oratione</span> <span class='ocrx_word' id='word_1_323' title='bbox 1347 1593 1494 1631; x_wconf 67' lang='lat' dir='ltr'>curabat7</span> <span class='ocrx_word' id='word_1_324' title='bbox 1530 1593 1586 1624; x_wconf 89' lang='lat' dir='ltr'>sed</span> <span class='ocrx_word' id='word_1_325' title='bbox 1611 1594 1768 1625; x_wconf 86' lang='grc'><strong>61636615</strong></span> 
     </span>
     <span class='ocr_line' id='line_1_34' title="bbox 145 1643 1768 1685; baseline 0 -10"><span class='ocrx_word' id='word_1_326' title='bbox 145 1644 294 1685; x_wconf 90' lang='lat' dir='ltr'>imposito</span> <span class='ocrx_word' id='word_1_327' title='bbox 325 1644 425 1675; x_wconf 86' lang='lat' dir='ltr'>crucis</span> <span class='ocrx_word' id='word_1_328' title='bbox 458 1644 549 1684; x_wconf 82' lang='lat' dir='ltr'>signo</span> <span class='ocrx_word' id='word_1_329' title='bbox 573 1643 676 1675; x_wconf 83' lang='lat' dir='ltr'>visum</span> <span class='ocrx_word' id='word_1_330' title='bbox 701 1643 868 1675; x_wconf 84' lang='lat' dir='ltr'>reddebat.</span> <span class='ocrx_word' id='word_1_331' title='bbox 918 1644 1002 1675; x_wconf 77' lang='lat' dir='ltr'>Sane</span> <span class='ocrx_word' id='word_1_332' title='bbox 1026 1643 1210 1684; x_wconf 87' lang='lat' dir='ltr'>paraliticos</span> <span class='ocrx_word' id='word_1_333' title='bbox 1235 1643 1423 1684; x_wconf 75' lang='lat' dir='ltr'>saepissime</span> <span class='ocrx_word' id='word_1_334' title='bbox 1446 1644 1488 1675; x_wconf 87' lang='lat' dir='ltr'>ad</span> <span class='ocrx_word' id='word_1_335' title='bbox 1511 1645 1676 1685; x_wconf 85' lang='lat' dir='ltr'>pristinam</span> <span class='ocrx_word' id='word_1_336' title='bbox 1700 1655 1768 1677; x_wconf 89' lang='lat' dir='ltr'>cor-</span> 
     </span>
     <span class='ocr_line' id='line_1_35' title="bbox 146 1694 1767 1737; baseline 0.001 -11"><span class='ocrx_word' id='word_1_337' title='bbox 146 1695 230 1736; x_wconf 88' lang='lat' dir='ltr'>poris</span> <span class='ocrx_word' id='word_1_338' title='bbox 259 1694 451 1727; x_wconf 84' lang='lat' dir='ltr'>soliditatem</span> <span class='ocrx_word' id='word_1_339' title='bbox 476 1704 570 1726; x_wconf 82' lang='lat' dir='ltr'>verus</span> <span class='ocrx_word' id='word_1_340' title='bbox 593 1695 735 1726; x_wconf 87' lang='lat' dir='ltr'>medicus</span> <span class='ocrx_word' id='word_1_341' title='bbox 759 1695 869 1726; x_wconf 88' lang='lat' dir='ltr'>merito</span> <span class='ocrx_word' id='word_1_342' title='bbox 893 1694 1073 1726; x_wconf 81' lang='lat' dir='ltr'>medicante</span> <span class='ocrx_word' id='word_1_343' title='bbox 1097 1695 1277 1726; x_wconf 86' lang='lat' dir='ltr'>revocabat.</span> <span class='ocrx_word' id='word_1_344' title='bbox 1331 1696 1390 1735; x_wconf 72' lang='lat'>(66)</span> <span class='ocrx_word' id='word_1_345' title='bbox 1419 1695 1499 1727; x_wconf 74' lang='lat' dir='ltr'>Sunt</span> <span class='ocrx_word' id='word_1_346' title='bbox 1522 1696 1616 1727; x_wconf 82' lang='lat' dir='ltr'>etiam</span> <span class='ocrx_word' id='word_1_347' title='bbox 1641 1700 1672 1727; x_wconf 90' lang='lat' dir='ltr'>et</span> <span class='ocrx_word' id='word_1_348' title='bbox 1695 1707 1767 1737; x_wconf 89' lang='lat' dir='ltr'>per—</span> 
     </span>
     <span class='ocr_line' id='line_1_36' title="bbox 145 1746 1767 1787; baseline 0.001 -10"><span class='ocrx_word' id='word_1_349' title='bbox 145 1746 284 1787; x_wconf 79' lang='lat' dir='ltr'>plun&#39;ma</span> <span class='ocrx_word' id='word_1_350' title='bbox 307 1746 370 1777; x_wconf 89' lang='lat' dir='ltr'>alia</span> <span class='ocrx_word' id='word_1_351' title='bbox 394 1746 462 1777; x_wconf 89' lang='lat' dir='ltr'>eius</span> <span class='ocrx_word' id='word_1_352' title='bbox 486 1746 658 1777; x_wconf 84' lang='lat' dir='ltr'>miracula.</span> <span class='ocrx_word' id='word_1_353' title='bbox 686 1756 769 1786; x_wconf 85' lang='lat' dir='ltr'>quae</span> <span class='ocrx_word' id='word_1_354' title='bbox 793 1746 867 1777; x_wconf 88' lang='lat' dir='ltr'>licet</span> <span class='ocrx_word' id='word_1_355' title='bbox 891 1746 1010 1787; x_wconf 85' lang='lat' dir='ltr'>scripta</span> <span class='ocrx_word' id='word_1_356' title='bbox 1033 1756 1095 1777; x_wconf 90' lang='lat' dir='ltr'>non</span> <span class='ocrx_word' id='word_1_357' title='bbox 1119 1746 1335 1778; x_wconf 87' lang='lat' dir='ltr'>inveniantur.</span> <span class='ocrx_word' id='word_1_358' title='bbox 1371 1750 1477 1778; x_wconf 87' lang='lat' dir='ltr'>tamen</span> <span class='ocrx_word' id='word_1_359' title='bbox 1500 1747 1573 1786; x_wconf 87' lang='lat' dir='ltr'>quia</span> <span class='ocrx_word' id='word_1_360' title='bbox 1598 1757 1671 1778; x_wconf 77' lang='lat' dir='ltr'>vera</span> <span class='ocrx_word' id='word_1_361' title='bbox 1696 1751 1767 1779; x_wconf 85' lang='lat' dir='ltr'>sunt</span> 
     </span>
     <span class='ocr_line' id='line_1_37' title="bbox 147 1797 1768 1838; baseline 0.001 -10"><span class='ocrx_word' id='word_1_362' title='bbox 147 1797 282 1829; x_wconf 89' lang='lat' dir='ltr'>deficere</span> <span class='ocrx_word' id='word_1_363' title='bbox 305 1807 367 1828; x_wconf 89' lang='lat' dir='ltr'>non</span> <span class='ocrx_word' id='word_1_364' title='bbox 390 1800 532 1838; x_wconf 76' lang='lat' dir='ltr'>possunt,</span> <span class='ocrx_word' id='word_1_365' title='bbox 559 1797 617 1829; x_wconf 91' lang='lat' dir='ltr'>sed</span> <span class='ocrx_word' id='word_1_366' title='bbox 640 1798 811 1829; x_wconf 89' lang='lat' dir='ltr'>multorum</span> <span class='ocrx_word' id='word_1_367' title='bbox 835 1807 888 1829; x_wconf 86' lang='lat' dir='ltr'>ore</span> <span class='ocrx_word' id='word_1_368' title='bbox 912 1798 1124 1829; x_wconf 84' lang='lat' dir='ltr'>celebrantur.</span> <span class='ocrx_word' id='word_1_369' title='bbox 1178 1799 1237 1838; x_wconf 74' lang='lat'>(67)</span> <span class='ocrx_word' id='word_1_370' title='bbox 1266 1797 1355 1828; x_wconf 84' lang='lat' dir='ltr'>Talis</span> <span class='ocrx_word' id='word_1_371' title='bbox 1378 1798 1476 1838; x_wconf 81' lang='lat' dir='ltr'>igitur</span> <span class='ocrx_word' id='word_1_372' title='bbox 1498 1798 1545 1828; x_wconf 76' lang='lat' dir='ltr'>vir</span> <span class='ocrx_word' id='word_1_373' title='bbox 1569 1798 1621 1829; x_wconf 90' lang='lat' dir='ltr'>dei</span> <span class='ocrx_word' id='word_1_374' title='bbox 1637 1798 1768 1829; x_wconf 83' lang='lat' dir='ltr'>antistes</span> 
     </span>
    </p>
   </div>
   <div class='ocr_carea' id='block_1_9' title="bbox 146 1934 1769 2820">
    <p class='ocr_par' dir='ltr' id='par_1_10' title="bbox 146 1934 1769 2264">
     <span class='ocr_line' id='line_1_38' title="bbox 235 1934 1768 1966; baseline 0 -8"><span class='ocrx_word' id='word_1_375' title='bbox 235 1935 316 1958; x_wconf 81' lang='lat'>1—10</span> <span class='ocrx_word' id='word_1_376' title='bbox 337 1934 504 1964; x_wconf 72' lang='lat' dir='ltr'>Maynobodas</span> <span class='ocrx_word' id='word_1_377' title='bbox 522 1942 543 1958; x_wconf 85' lang='lat' dir='ltr'>c.</span> <span class='ocrx_word' id='word_1_378' title='bbox 567 1936 612 1958; x_wconf 82' lang='lat'>13:</span> <span class='ocrx_word' id='word_1_379' title='bbox 641 1935 702 1958; x_wconf 83' lang='lat' dir='ltr'>Cum</span> <span class='ocrx_word' id='word_1_380' title='bbox 728 1942 784 1964; x_wconf 79' lang='lat' dir='ltr'>ergo</span> <span class='ocrx_word' id='word_1_381' title='bbox 808 1935 955 1958; x_wconf 81' lang='lat' dir='ltr'>dissidentia</span> <span class='ocrx_word' id='word_1_382' title='bbox 980 1936 1045 1958; x_wconf 87' lang='lat' dir='ltr'>inter</span> <span class='ocrx_word' id='word_1_383' title='bbox 1070 1942 1095 1958; x_wconf 89' lang='lat' dir='ltr'>se</span> <span class='ocrx_word' id='word_1_384' title='bbox 1121 1936 1190 1958; x_wconf 86' lang='lat' dir='ltr'>taciti</span> <span class='ocrx_word' id='word_1_385' title='bbox 1213 1935 1316 1958; x_wconf 83' lang='lat' dir='ltr'>consilia</span> <span class='ocrx_word' id='word_1_386' title='bbox 1342 1936 1480 1963; x_wconf 66' lang='lat' dir='ltr'>volverent,</span> <span class='ocrx_word' id='word_1_387' title='bbox 1509 1942 1563 1958; x_wconf 84' lang='lat' dir='ltr'>ecce</span> <span class='ocrx_word' id='word_1_388' title='bbox 1590 1943 1632 1965; x_wconf 87' lang='lat' dir='ltr'>pro</span> <span class='ocrx_word' id='word_1_389' title='bbox 1653 1936 1695 1958; x_wconf 83' lang='lat' dir='ltr'>hac</span> <span class='ocrx_word' id='word_1_390' title='bbox 1715 1937 1768 1966; x_wconf 87' lang='lat' dir='ltr'>ipsa</span> 
     </span>
     <span class='ocr_line' id='line_1_39' title="bbox 146 1977 1769 2007; baseline 0 -6"><span class='ocrx_word' id='word_1_391' title='bbox 146 1979 275 2001; x_wconf 82' lang='lat' dir='ltr'>electionis</span> <span class='ocrx_word' id='word_1_392' title='bbox 302 1985 373 2001; x_wconf 86' lang='lat' dir='ltr'>causa</span> <span class='ocrx_word' id='word_1_393' title='bbox 393 1979 498 2001; x_wconf 84' lang='lat' dir='ltr'>sollicite</span> <span class='ocrx_word' id='word_1_394' title='bbox 518 1978 640 2001; x_wconf 79' lang='lat' dir='ltr'>festinans</span> <span class='ocrx_word' id='word_1_395' title='bbox 660 1979 747 2001; x_wconf 85' lang='lat' dir='ltr'>beatus</span> <span class='ocrx_word' id='word_1_396' title='bbox 767 1978 889 2001; x_wconf 85' lang='lat' dir='ltr'>Martinus</span> <span class='ocrx_word' id='word_1_397' title='bbox 909 1979 1024 2007; x_wconf 77' lang='lat' dir='ltr'>pontifex</span> <span class='ocrx_word' id='word_1_398' title='bbox 1044 1978 1161 2001; x_wconf 83' lang='lat' dir='ltr'>eeclesiae</span> <span class='ocrx_word' id='word_1_399' title='bbox 1181 1978 1317 2001; x_wconf 84' lang='lat' dir='ltr'>Turonicae</span> <span class='ocrx_word' id='word_1_400' title='bbox 1336 1979 1507 2001; x_wconf 86' lang='lat' dir='ltr'>sanctissimus</span> <span class='ocrx_word' id='word_1_401' title='bbox 1526 1979 1551 2000; x_wconf 89' lang='lat' dir='ltr'>in</span> <span class='ocrx_word' id='word_1_402' title='bbox 1572 1977 1669 2001; x_wconf 83' lang='lat' dir='ltr'>Christo</span> <span class='ocrx_word' id='word_1_403' title='bbox 1690 1986 1769 2002; x_wconf 86' lang='lat' dir='ltr'>sacer-</span> 
     </span>
     <span class='ocr_line' id='line_1_40' title="bbox 146 2021 1768 2051; baseline 0.001 -8"><span class='ocrx_word' id='word_1_404' title='bbox 146 2021 190 2044; x_wconf 88' lang='lat' dir='ltr'>dos</span> <span class='ocrx_word' id='word_1_405' title='bbox 209 2021 289 2049; x_wconf 77' lang='lat' dir='ltr'>affuit,</span> <span class='ocrx_word' id='word_1_406' title='bbox 312 2022 352 2044; x_wconf 88' lang='lat' dir='ltr'>cui</span> <span class='ocrx_word' id='word_1_407' title='bbox 372 2021 468 2044; x_wconf 86' lang='lat' dir='ltr'>scilicet</span> <span class='ocrx_word' id='word_1_408' title='bbox 486 2023 511 2044; x_wconf 90' lang='lat' dir='ltr'>et</span> <span class='ocrx_word' id='word_1_409' title='bbox 529 2027 573 2050; x_wconf 88' lang='lat' dir='ltr'>per</span> <span class='ocrx_word' id='word_1_410' title='bbox 591 2021 732 2044; x_wconf 77' lang='lat' dir='ltr'>sanctitatis</span> <span class='ocrx_word' id='word_1_411' title='bbox 752 2022 868 2044; x_wconf 86' lang='lat' dir='ltr'>meritum</span> <span class='ocrx_word' id='word_1_412' title='bbox 888 2024 912 2044; x_wconf 88' lang='lat' dir='ltr'>et</span> <span class='ocrx_word' id='word_1_413' title='bbox 931 2028 974 2050; x_wconf 88' lang='lat' dir='ltr'>per</span> <span class='ocrx_word' id='word_1_414' title='bbox 993 2021 1192 2050; x_wconf 84' lang='lat' dir='ltr'>metropolitanae</span> <span class='ocrx_word' id='word_1_415' title='bbox 1213 2021 1278 2043; x_wconf 86' lang='lat' dir='ltr'>sedis</span> <span class='ocrx_word' id='word_1_416' title='bbox 1297 2021 1456 2051; x_wconf 71' lang='lat' dir='ltr'>privilegium</span> <span class='ocrx_word' id='word_1_417' title='bbox 1475 2023 1582 2050; x_wconf 86' lang='lat' dir='ltr'>potestas</span> <span class='ocrx_word' id='word_1_418' title='bbox 1596 2024 1646 2044; x_wconf 81' lang='lat' dir='ltr'>erat</span> <span class='ocrx_word' id='word_1_419' title='bbox 1660 2022 1768 2051; x_wconf 79' lang='lat' dir='ltr'>eligendi</span> 
     </span>
     <span class='ocr_line' id='line_1_41' title="bbox 146 2063 1768 2093; baseline 0.001 -7"><span class='ocrx_word' id='word_1_420' title='bbox 146 2065 295 2093; x_wconf 80' lang='lat' dir='ltr'>pontificem.</span> <span class='ocrx_word' id='word_1_421' title='bbox 335 2064 378 2086; x_wconf 84' lang='lat' dir='ltr'>Ait</span> <span class='ocrx_word' id='word_1_422' title='bbox 397 2070 454 2093; x_wconf 77' lang='lat' dir='ltr'>ergo</span> <span class='ocrx_word' id='word_1_423' title='bbox 474 2064 503 2086; x_wconf 88' lang='lat' dir='ltr'>ad</span> <span class='ocrx_word' id='word_1_424' title='bbox 523 2070 576 2087; x_wconf 87' lang='lat' dir='ltr'>eos:</span> <span class='ocrx_word' id='word_1_425' title='bbox 604 2064 658 2086; x_wconf 84' lang='lat' dir='ltr'>Viri</span> <span class='ocrx_word' id='word_1_426' title='bbox 683 2064 786 2093; x_wconf 80' lang='lat' dir='ltr'>fratres,</span> <span class='ocrx_word' id='word_1_427' title='bbox 817 2064 901 2087; x_wconf 87' lang='lat' dir='ltr'>audite</span> <span class='ocrx_word' id='word_1_428' title='bbox 927 2071 981 2086; x_wconf 85' lang='lat' dir='ltr'>me:</span> <span class='ocrx_word' id='word_1_429' title='bbox 1011 2064 1073 2093; x_wconf 85' lang='lat' dir='ltr'>quod</span> <span class='ocrx_word' id='word_1_430' title='bbox 1094 2071 1107 2086; x_wconf 89' lang='lat' dir='ltr'>a</span> <span class='ocrx_word' id='word_1_431' title='bbox 1126 2064 1170 2087; x_wconf 88' lang='grc'><strong>(160</strong></span> <span class='ocrx_word' id='word_1_432' title='bbox 1189 2064 1295 2087; x_wconf 88' lang='lat' dir='ltr'>electum</span> <span class='ocrx_word' id='word_1_433' title='bbox 1315 2066 1353 2087; x_wconf 88' lang='lat' dir='ltr'>est</span> <span class='ocrx_word' id='word_1_434' title='bbox 1372 2063 1415 2086; x_wconf 84' lang='lat' dir='ltr'>hoc</span> <span class='ocrx_word' id='word_1_435' title='bbox 1434 2065 1493 2092; x_wconf 82' lang='lat' dir='ltr'>erit,</span> <span class='ocrx_word' id='word_1_436' title='bbox 1521 2070 1569 2086; x_wconf 90' lang='lat' dir='ltr'>non</span> <span class='ocrx_word' id='word_1_437' title='bbox 1589 2065 1660 2087; x_wconf 79' lang='lat' dir='ltr'>vobis</span> <span class='ocrx_word' id='word_1_438' title='bbox 1680 2065 1768 2088; x_wconf 83' lang='lat' dir='ltr'>durum</span> 
     </span>
     <span class='ocr_line' id='line_1_42' title="bbox 146 2106 1767 2136; baseline 0.001 -7"><span class='ocrx_word' id='word_1_439' title='bbox 146 2113 201 2129; x_wconf 86' lang='lat' dir='ltr'>esse</span> <span class='ocrx_word' id='word_1_440' title='bbox 226 2106 348 2129; x_wconf 75' lang='lat' dir='ltr'>videatur.</span> <span class='ocrx_word' id='word_1_441' title='bbox 388 2106 518 2129; x_wconf 88' lang='lat' dir='ltr'>Maurilius</span> <span class='ocrx_word' id='word_1_442' title='bbox 543 2107 670 2136; x_wconf 79' lang='lat' dir='ltr'>presbyter</span> <span class='ocrx_word' id='word_1_443' title='bbox 695 2107 812 2129; x_wconf 84' lang='lat' dir='ltr'>ecclesiae</span> <span class='ocrx_word' id='word_1_444' title='bbox 833 2106 996 2130; x_wconf 89' lang='lat' dir='ltr'>Calonnensis</span> <span class='ocrx_word' id='word_1_445' title='bbox 1016 2107 1119 2129; x_wconf 88' lang='lat' dir='ltr'>iubente</span> <span class='ocrx_word' id='word_1_446' title='bbox 1139 2106 1182 2129; x_wconf 88' lang='lat' dir='ltr'>deo</span> <span class='ocrx_word' id='word_1_447' title='bbox 1201 2107 1254 2136; x_wconf 88' lang='lat' dir='ltr'>ipse</span> <span class='ocrx_word' id='word_1_448' title='bbox 1274 2107 1320 2129; x_wconf 87' lang='lat' dir='ltr'>erit</span> <span class='ocrx_word' id='word_1_449' title='bbox 1339 2107 1406 2130; x_wconf 73' lang='lat' dir='ltr'>vobis</span> <span class='ocrx_word' id='word_1_450' title='bbox 1426 2107 1548 2136; x_wconf 75' lang='lat' dir='ltr'>pontifex.</span> <span class='ocrx_word' id='word_1_451' title='bbox 1588 2107 1662 2130; x_wconf 87' lang='lat' dir='ltr'>Tanti</span> <span class='ocrx_word' id='word_1_452' title='bbox 1682 2111 1767 2131; x_wconf 88' lang='lat' dir='ltr'>aucto-</span> 
     </span>
     <span class='ocr_line' id='line_1_43' title="bbox 147 2149 1768 2179; baseline 0 -7"><span class='ocrx_word' id='word_1_453' title='bbox 147 2150 219 2172; x_wconf 84' lang='lat' dir='ltr'>ritate</span> <span class='ocrx_word' id='word_1_454' title='bbox 238 2150 346 2172; x_wconf 84' lang='lat' dir='ltr'>censoris</span> <span class='ocrx_word' id='word_1_455' title='bbox 365 2150 422 2172; x_wconf 90' lang='lat' dir='ltr'>ilico</span> <span class='ocrx_word' id='word_1_456' title='bbox 442 2150 588 2179; x_wconf 82' lang='lat' dir='ltr'>compressis</span> <span class='ocrx_word' id='word_1_457' title='bbox 607 2150 714 2179; x_wconf 86' lang='lat' dir='ltr'>partium</span> <span class='ocrx_word' id='word_1_458' title='bbox 734 2149 841 2178; x_wconf 55' lang='lat' dir='ltr'>studiis.</span> <span class='ocrx_word' id='word_1_459' title='bbox 862 2150 927 2171; x_wconf 88' lang='lat' dir='ltr'>omni</span> <span class='ocrx_word' id='word_1_460' title='bbox 947 2156 1013 2172; x_wconf 86' lang='lat' dir='ltr'>mora</span> <span class='ocrx_word' id='word_1_461' title='bbox 1032 2150 1168 2179; x_wconf 75' lang='lat' dir='ltr'>postposita</span> <span class='ocrx_word' id='word_1_462' title='bbox 1187 2149 1217 2172; x_wconf 86' lang='lat' dir='ltr'>ad</span> <span class='ocrx_word' id='word_1_463' title='bbox 1237 2150 1317 2171; x_wconf 76' lang='lat' dir='ltr'>virum</span> <span class='ocrx_word' id='word_1_464' title='bbox 1336 2149 1479 2178; x_wconf 74' lang='lat' dir='ltr'>diriguntur</span> <span class='ocrx_word' id='word_1_465' title='bbox 1498 2150 1597 2177; x_wconf 75' lang='lat' dir='ltr'>nuntii,</span> <span class='ocrx_word' id='word_1_466' title='bbox 1625 2150 1768 2172; x_wconf 86' lang='lat' dir='ltr'>mandatum</span> 
     </span>
     <span class='ocr_line' id='line_1_44' title="bbox 146 2192 1767 2222; baseline -0.001 -7"><span class='ocrx_word' id='word_1_467' title='bbox 146 2193 311 2222; x_wconf 82' lang='lat' dir='ltr'>accipientes,</span> <span class='ocrx_word' id='word_1_468' title='bbox 341 2192 401 2215; x_wconf 74' lang='lat' dir='ltr'>velit.</span> <span class='ocrx_word' id='word_1_469' title='bbox 421 2193 498 2221; x_wconf 80' lang='lat' dir='ltr'>nolit⁷</span> <span class='ocrx_word' id='word_1_470' title='bbox 527 2192 556 2214; x_wconf 87' lang='lat' dir='ltr'>ad</span> <span class='ocrx_word' id='word_1_471' title='bbox 577 2193 662 2214; x_wconf 80' lang='lat' dir='ltr'>urbem</span> <span class='ocrx_word' id='word_1_472' title='bbox 682 2195 783 2220; x_wconf 80' lang='lat' dir='ltr'>cogatur</span> <span class='ocrx_word' id='word_1_473' title='bbox 802 2193 895 2215; x_wconf 75' lang='lat' dir='ltr'>venire.</span> <span class='ocrx_word' id='word_1_474' title='bbox 935 2192 980 2214; x_wconf 89' lang='lat' dir='ltr'>llle</span> <span class='ocrx_word' id='word_1_475' title='bbox 1000 2194 1098 2220; x_wconf 82' lang='lat' dir='ltr'>autem,</span> <span class='ocrx_word' id='word_1_476' title='bbox 1121 2194 1148 2214; x_wconf 89' lang='lat' dir='ltr'>ut</span> <span class='ocrx_word' id='word_1_477' title='bbox 1168 2195 1219 2214; x_wconf 87' lang='lat' dir='ltr'>erat</span> <span class='ocrx_word' id='word_1_478' title='bbox 1238 2192 1386 2214; x_wconf 82' lang='lat' dir='ltr'>mitissimus</span> <span class='ocrx_word' id='word_1_479' title='bbox 1405 2194 1479 2221; x_wconf 81' lang='lat' dir='ltr'>atque</span> <span class='ocrx_word' id='word_1_480' title='bbox 1499 2195 1527 2214; x_wconf 89' lang='lat' dir='ltr'>ut</span> <span class='ocrx_word' id='word_1_481' title='bbox 1546 2193 1696 2221; x_wconf 86' lang='lat' dir='ltr'>reliquarum</span> <span class='ocrx_word' id='word_1_482' title='bbox 1717 2193 1767 2214; x_wconf 84' lang='lat' dir='ltr'>vir-</span> 
     </span>
     <span class='ocr_line' id='line_1_45' title="bbox 147 2234 1754 2264; baseline -0.001 -7"><span class='ocrx_word' id='word_1_483' title='bbox 147 2237 230 2257; x_wconf 89' lang='lat' dir='ltr'>tutum</span> <span class='ocrx_word' id='word_1_484' title='bbox 249 2236 284 2258; x_wconf 83' lang='lat' dir='ltr'>ita</span> <span class='ocrx_word' id='word_1_485' title='bbox 303 2242 400 2264; x_wconf 88' lang='lat' dir='ltr'>quoque</span> <span class='ocrx_word' id='word_1_486' title='bbox 420 2238 519 2257; x_wconf 85' lang='lat' dir='ltr'>sanctae</span> <span class='ocrx_word' id='word_1_487' title='bbox 539 2235 711 2258; x_wconf 82' lang='lat' dir='ltr'>oboedientiae</span> <span class='ocrx_word' id='word_1_488' title='bbox 732 2241 834 2257; x_wconf 84' lang='lat' dir='ltr'>munere</span> <span class='ocrx_word' id='word_1_489' title='bbox 853 2235 950 2264; x_wconf 80' lang='lat' dir='ltr'>plenus,</span> <span class='ocrx_word' id='word_1_490' title='bbox 972 2241 1019 2257; x_wconf 87' lang='lat' dir='ltr'>non</span> <span class='ocrx_word' id='word_1_491' title='bbox 1040 2234 1187 2264; x_wconf 83' lang='lat' dir='ltr'>contempsit</span> <span class='ocrx_word' id='word_1_492' title='bbox 1206 2235 1339 2263; x_wconf 87' lang='lat' dir='ltr'>imperium</span> <span class='ocrx_word' id='word_1_493' title='bbox 1359 2235 1401 2257; x_wconf 87' lang='lat' dir='ltr'>sed</span> <span class='ocrx_word' id='word_1_494' title='bbox 1422 2235 1567 2264; x_wconf 74' lang='lat' dir='ltr'>adimplevit</span> <span class='ocrx_word' id='word_1_495' title='bbox 1586 2239 1754 2264; x_wconf 78' lang='lat' dir='ltr'>praeceptum.</span> 
     </span>
    </p>

    <p class='ocr_par' dir='ltr' id='par_1_11' title="bbox 146 2277 1769 2564">
     <span class='ocr_line' id='line_1_46' title="bbox 235 2277 1768 2307; baseline -0.001 -6"><span class='ocrx_word' id='word_1_496' title='bbox 235 2277 334 2301; x_wconf 73' lang='lat'>10—24</span> <span class='ocrx_word' id='word_1_497' title='bbox 356 2277 523 2306; x_wconf 75' lang='lat' dir='ltr'>Muynoboclus</span> <span class='ocrx_word' id='word_1_498' title='bbox 543 2278 560 2300; x_wconf 93' lang='lat' dir='ltr'>l.</span> <span class='ocrx_word' id='word_1_499' title='bbox 582 2278 615 2300; x_wconf 88' lang='lat' dir='ltr'>l.:</span> <span class='ocrx_word' id='word_1_500' title='bbox 643 2277 694 2305; x_wconf 86' lang='lat' dir='ltr'>Quo</span> <span class='ocrx_word' id='word_1_501' title='bbox 722 2278 834 2306; x_wconf 79' lang='lat' dir='ltr'>ingresso</span> <span class='ocrx_word' id='word_1_502' title='bbox 859 2278 886 2299; x_wconf 92' lang='lat' dir='ltr'>in</span> <span class='ocrx_word' id='word_1_503' title='bbox 911 2277 1015 2300; x_wconf 86' lang='lat' dir='ltr'>eeclesia</span> <span class='ocrx_word' id='word_1_504' title='bbox 1041 2284 1119 2299; x_wconf 83' lang='lat' dir='ltr'>coram</span> <span class='ocrx_word' id='word_1_505' title='bbox 1143 2278 1259 2299; x_wconf 85' lang='lat' dir='ltr'>universa</span> <span class='ocrx_word' id='word_1_506' title='bbox 1284 2278 1449 2306; x_wconf 79' lang='lat' dir='ltr'>inspectantis</span> <span class='ocrx_word' id='word_1_507' title='bbox 1474 2278 1553 2306; x_wconf 82' lang='lat' dir='ltr'>plebis</span> <span class='ocrx_word' id='word_1_508' title='bbox 1579 2278 1719 2307; x_wconf 73' lang='lat' dir='ltr'>frequentia</span> <span class='ocrx_word' id='word_1_509' title='bbox 1739 2277 1768 2299; x_wconf 87' lang='lat' dir='ltr'>ad</span> 
     </span>
     <span class='ocr_line' id='line_1_47' title="bbox 147 2319 1769 2349; baseline -0.001 -6"><span class='ocrx_word' id='word_1_510' title='bbox 147 2320 355 2343; x_wconf 80' lang='lat' dir='ltr'>manifestandam</span> <span class='ocrx_word' id='word_1_511' title='bbox 374 2321 476 2349; x_wconf 75' lang='lat' dir='ltr'>gratiam</span> <span class='ocrx_word' id='word_1_512' title='bbox 497 2320 590 2343; x_wconf 86' lang='lat' dir='ltr'>domini</span> <span class='ocrx_word' id='word_1_513' title='bbox 610 2320 723 2343; x_wconf 83' lang='lat' dir='ltr'>columba</span> <span class='ocrx_word' id='word_1_514' title='bbox 743 2327 818 2349; x_wconf 86' lang='lat' dir='ltr'>super</span> <span class='ocrx_word' id='word_1_515' title='bbox 836 2322 909 2349; x_wconf 87' lang='lat' dir='ltr'>caput</span> <span class='ocrx_word' id='word_1_516' title='bbox 928 2320 982 2342; x_wconf 89' lang='lat' dir='ltr'>eius</span> <span class='ocrx_word' id='word_1_517' title='bbox 1002 2319 1138 2343; x_wconf 85' lang='lat' dir='ltr'>descendit.</span> <span class='ocrx_word' id='word_1_518' title='bbox 1179 2319 1230 2347; x_wconf 87' lang='lat' dir='ltr'>Quo</span> <span class='ocrx_word' id='word_1_519' title='bbox 1250 2320 1300 2343; x_wconf 75' lang='lat' dir='ltr'>viso</span> <span class='ocrx_word' id='word_1_520' title='bbox 1320 2321 1400 2343; x_wconf 87' lang='lat' dir='ltr'>omnis</span> <span class='ocrx_word' id='word_1_521' title='bbox 1420 2320 1553 2343; x_wconf 86' lang='lat' dir='ltr'>multitudo</span> <span class='ocrx_word' id='word_1_522' title='bbox 1573 2320 1601 2342; x_wconf 89' lang='lat' dir='ltr'>ad</span> <span class='ocrx_word' id='word_1_523' title='bbox 1621 2321 1686 2342; x_wconf 80' lang='lat' dir='ltr'>beati</span> <span class='ocrx_word' id='word_1_524' title='bbox 1705 2320 1769 2342; x_wconf 90' lang='lat' dir='ltr'>Mar-</span> 
     </span>
     <span class='ocr_line' id='line_1_48' title="bbox 147 2362 1767 2392; baseline 0 -7"><span class='ocrx_word' id='word_1_525' title='bbox 147 2363 195 2385; x_wconf 93' lang='lat' dir='ltr'>tini</span> <span class='ocrx_word' id='word_1_526' title='bbox 219 2369 299 2392; x_wconf 83' lang='lat' dir='ltr'>genua</span> <span class='ocrx_word' id='word_1_527' title='bbox 318 2370 343 2385; x_wconf 90' lang='lat' dir='ltr'>se</span> <span class='ocrx_word' id='word_1_528' title='bbox 363 2366 550 2392; x_wconf 80' lang='lat' dir='ltr'>prostraverunt</span> <span class='ocrx_word' id='word_1_529' title='bbox 569 2370 617 2386; x_wconf 89' lang='lat' dir='ltr'>non</span> <span class='ocrx_word' id='word_1_530' title='bbox 637 2363 713 2386; x_wconf 82' lang='lat' dir='ltr'>alium</span> <span class='ocrx_word' id='word_1_531' title='bbox 734 2363 914 2385; x_wconf 85' lang='lat' dir='ltr'>conclamantes</span> <span class='ocrx_word' id='word_1_532' title='bbox 934 2369 1007 2392; x_wconf 86' lang='lat' dir='ltr'>quam</span> <span class='ocrx_word' id='word_1_533' title='bbox 1027 2362 1171 2385; x_wconf 76' lang='lat' dir='ltr'>Mamilium</span> <span class='ocrx_word' id='word_1_534' title='bbox 1191 2362 1293 2391; x_wconf 77' lang='lat' dir='ltr'>dignum</span> <span class='ocrx_word' id='word_1_535' title='bbox 1314 2369 1367 2385; x_wconf 85' lang='lat' dir='ltr'>esse</span> <span class='ocrx_word' id='word_1_536' title='bbox 1387 2363 1544 2392; x_wconf 69' lang='lat' dir='ltr'>episcopatu,</span> <span class='ocrx_word' id='word_1_537' title='bbox 1572 2369 1619 2385; x_wconf 91' lang='lat' dir='ltr'>non</span> <span class='ocrx_word' id='word_1_538' title='bbox 1639 2363 1668 2385; x_wconf 84' lang='lat' dir='ltr'>ab</span> <span class='ocrx_word' id='word_1_539' title='bbox 1687 2363 1767 2385; x_wconf 89' lang='lat' dir='ltr'>homi-</span> 
     </span>
     <span class='ocr_line' id='line_1_49' title="bbox 148 2405 1767 2436; baseline -0.001 -8"><span class='ocrx_word' id='word_1_540' title='bbox 148 2407 222 2428; x_wconf 85' lang='lat' dir='ltr'>nibus</span> <span class='ocrx_word' id='word_1_541' title='bbox 246 2406 352 2428; x_wconf 84' lang='lat' dir='ltr'>electum</span> <span class='ocrx_word' id='word_1_542' title='bbox 376 2406 420 2428; x_wconf 85' lang='lat' dir='ltr'>sed</span> <span class='ocrx_word' id='word_1_543' title='bbox 444 2413 457 2429; x_wconf 93' lang='lat' dir='ltr'>a</span> <span class='ocrx_word' id='word_1_544' title='bbox 482 2406 526 2429; x_wconf 85' lang='lat' dir='ltr'>deo</span> <span class='ocrx_word' id='word_1_545' title='bbox 546 2407 592 2429; x_wconf 87' lang='lat' dir='ltr'>sibi</span> <span class='ocrx_word' id='word_1_546' title='bbox 612 2407 750 2436; x_wconf 84' lang='lat' dir='ltr'>praesulem</span> <span class='ocrx_word' id='word_1_547' title='bbox 771 2406 966 2428; x_wconf 84' lang='lat' dir='ltr'>manifestatum.</span> <span class='ocrx_word' id='word_1_548' title='bbox 1007 2406 1055 2427; x_wconf 92' lang='lat' dir='ltr'>Vbi</span> <span class='ocrx_word' id='word_1_549' title='bbox 1075 2412 1131 2428; x_wconf 76' lang='lat' dir='ltr'>vero</span> <span class='ocrx_word' id='word_1_550' title='bbox 1151 2412 1224 2435; x_wconf 85' lang='lat' dir='ltr'>super</span> <span class='ocrx_word' id='word_1_551' title='bbox 1243 2408 1317 2434; x_wconf 85' lang='lat' dir='ltr'>caput</span> <span class='ocrx_word' id='word_1_552' title='bbox 1336 2406 1390 2428; x_wconf 90' lang='grc'><strong>61115</strong></span> <span class='ocrx_word' id='word_1_553' title='bbox 1411 2406 1448 2428; x_wconf 70' lang='lat' dir='ltr'>vir</span> <span class='ocrx_word' id='word_1_554' title='bbox 1467 2405 1506 2428; x_wconf 85' lang='lat' dir='ltr'>dei</span> <span class='ocrx_word' id='word_1_555' title='bbox 1526 2405 1648 2428; x_wconf 87' lang='lat' dir='ltr'>Martinus</span> <span class='ocrx_word' id='word_1_556' title='bbox 1669 2412 1767 2428; x_wconf 86' lang='lat' dir='ltr'>manum</span> 
     </span>
     <span class='ocr_line' id='line_1_50' title="bbox 146 2448 1767 2478; baseline 0 -8"><span class='ocrx_word' id='word_1_557' title='bbox 146 2449 230 2478; x_wconf 86' lang='lat' dir='ltr'>posuit</span> <span class='ocrx_word' id='word_1_558' title='bbox 254 2448 282 2470; x_wconf 90' lang='lat' dir='ltr'>ad</span> <span class='ocrx_word' id='word_1_559' title='bbox 306 2455 397 2471; x_wconf 84' lang='lat' dir='ltr'>sacram</span> <span class='ocrx_word' id='word_1_560' title='bbox 422 2449 622 2472; x_wconf 85' lang='lat' dir='ltr'>benedictionem</span> <span class='ocrx_word' id='word_1_561' title='bbox 647 2449 806 2478; x_wconf 78' lang='lat' dir='ltr'>tradendam,</span> <span class='ocrx_word' id='word_1_562' title='bbox 833 2451 891 2471; x_wconf 85' lang='lat' dir='ltr'>tunc</span> <span class='ocrx_word' id='word_1_563' title='bbox 918 2448 1031 2471; x_wconf 88' lang='lat' dir='ltr'>columba</span> <span class='ocrx_word' id='word_1_564' title='bbox 1056 2455 1142 2471; x_wconf 86' lang='lat' dir='ltr'>rursus</span> <span class='ocrx_word' id='word_1_565' title='bbox 1165 2448 1344 2471; x_wconf 81' lang='lat' dir='ltr'>circumvolans</span> <span class='ocrx_word' id='word_1_566' title='bbox 1364 2448 1443 2478; x_wconf 88' lang='lat' dir='ltr'>ipsius</span> <span class='ocrx_word' id='word_1_567' title='bbox 1463 2449 1652 2471; x_wconf 81' lang='lat' dir='ltr'>consecrationis</span> <span class='ocrx_word' id='word_1_568' title='bbox 1672 2448 1767 2471; x_wconf 89' lang='lat' dir='ltr'>aditum</span> 
     </span>
     <span class='ocr_line' id='line_1_51' title="bbox 146 2491 1768 2521; baseline 0 -8"><span class='ocrx_word' id='word_1_569' title='bbox 146 2491 224 2513; x_wconf 86' lang='lat' dir='ltr'>dedit.</span> <span class='ocrx_word' id='word_1_570' title='bbox 268 2491 435 2520; x_wconf 85' lang='lat' dir='ltr'>Frequentius</span> <span class='ocrx_word' id='word_1_571' title='bbox 461 2495 545 2521; x_wconf 87' lang='lat' dir='ltr'>postea</span> <span class='ocrx_word' id='word_1_572' title='bbox 568 2493 655 2515; x_wconf 80' lang='lat' dir='ltr'>beatus</span> <span class='ocrx_word' id='word_1_573' title='bbox 680 2492 802 2515; x_wconf 84' lang='lat' dir='ltr'>Martinus</span> <span class='ocrx_word' id='word_1_574' title='bbox 828 2498 882 2514; x_wconf 82' lang='lat' dir='ltr'>cum</span> <span class='ocrx_word' id='word_1_575' title='bbox 907 2491 996 2520; x_wconf 84' lang='lat' dir='ltr'>gaudio</span> <span class='ocrx_word' id='word_1_576' title='bbox 1023 2491 1048 2513; x_wconf 92' lang='lat' dir='ltr'>in</span> <span class='ocrx_word' id='word_1_577' title='bbox 1073 2491 1217 2513; x_wconf 85' lang='lat' dir='ltr'>memoriam</span> <span class='ocrx_word' id='word_1_578' title='bbox 1243 2492 1384 2518; x_wconf 76' lang='lat' dir='ltr'>revocabat,</span> <span class='ocrx_word' id='word_1_579' title='bbox 1412 2491 1476 2520; x_wconf 86' lang='lat' dir='ltr'>quod</span> <span class='ocrx_word' id='word_1_580' title='bbox 1501 2491 1638 2514; x_wconf 82' lang='lat' dir='ltr'>certissime</span> <span class='ocrx_word' id='word_1_581' title='bbox 1665 2491 1768 2520; x_wconf 79' lang='lat' dir='ltr'>spiritus</span> 
     </span>
     <span class='ocr_line' id='line_1_52' title="bbox 146 2534 1068 2564; baseline 0 -8"><span class='ocrx_word' id='word_1_582' title='bbox 146 2535 247 2556; x_wconf 88' lang='lat' dir='ltr'>sanctus</span> <span class='ocrx_word' id='word_1_583' title='bbox 266 2537 290 2556; x_wconf 91' lang='lat' dir='ltr'>et</span> <span class='ocrx_word' id='word_1_584' title='bbox 309 2534 452 2562; x_wconf 81' lang='lat' dir='ltr'>angelorum</span> <span class='ocrx_word' id='word_1_585' title='bbox 472 2535 559 2557; x_wconf 87' lang='lat' dir='ltr'>chorus</span> <span class='ocrx_word' id='word_1_586' title='bbox 578 2535 608 2557; x_wconf 89' lang='lat' dir='ltr'>ad</span> <span class='ocrx_word' id='word_1_587' title='bbox 627 2536 707 2564; x_wconf 90' lang='lat' dir='ltr'>ipsam</span> <span class='ocrx_word' id='word_1_588' title='bbox 727 2534 927 2557; x_wconf 79' lang='lat' dir='ltr'>benedictionem</span> <span class='ocrx_word' id='word_1_589' title='bbox 947 2534 1068 2556; x_wconf 76' lang='lat' dir='ltr'>affuisset.</span> 
     </span>
    </p>

    <p class='ocr_par' dir='ltr' id='par_1_12' title="bbox 146 2575 1768 2777">
     <span class='ocr_line' id='line_1_53' title="bbox 233 2575 1767 2607; baseline -0.001 -8"><span class='ocrx_word' id='word_1_590' title='bbox 233 2575 264 2600; x_wconf 80' lang='lat'>25</span> <span class='ocrx_word' id='word_1_591' title='bbox 283 2589 317 2592; x_wconf 95' lang='lat'>—</span> <span class='ocrx_word' id='word_1_592' title='bbox 333 2584 358 2606; x_wconf 80' lang='lat' dir='ltr'>p.</span> <span class='ocrx_word' id='word_1_593' title='bbox 376 2576 416 2605; x_wconf 69' lang='grc'>92,</span> <span class='ocrx_word' id='word_1_594' title='bbox 439 2577 456 2600; x_wconf 87' lang='lat' dir='ltr'>l.</span> <span class='ocrx_word' id='word_1_595' title='bbox 473 2577 486 2600; x_wconf 86' lang='lat'>5</span> <span class='ocrx_word' id='word_1_596' title='bbox 507 2576 673 2607; x_wconf 71' lang='lat' dir='ltr'>Maynobodus</span> <span class='ocrx_word' id='word_1_597' title='bbox 694 2585 713 2601; x_wconf 81' lang='lat' dir='ltr'>c.</span> <span class='ocrx_word' id='word_1_598' title='bbox 739 2580 784 2600; x_wconf 67' lang='lat'>14:</span> <span class='ocrx_word' id='word_1_599' title='bbox 811 2578 858 2599; x_wconf 89' lang='lat' dir='ltr'>Hic</span> <span class='ocrx_word' id='word_1_600' title='bbox 883 2578 966 2606; x_wconf 85' lang='lat' dir='ltr'>itaque</span> <span class='ocrx_word' id='word_1_601' title='bbox 992 2579 1074 2606; x_wconf 83' lang='lat' dir='ltr'>pastor</span> <span class='ocrx_word' id='word_1_602' title='bbox 1098 2577 1182 2599; x_wconf 88' lang='lat' dir='ltr'>ovium</span> <span class='ocrx_word' id='word_1_603' title='bbox 1207 2577 1286 2599; x_wconf 82' lang='lat' dir='ltr'>factus</span> <span class='ocrx_word' id='word_1_604' title='bbox 1313 2580 1337 2598; x_wconf 83' lang='lat' dir='ltr'>et</span> <span class='ocrx_word' id='word_1_605' title='bbox 1362 2583 1427 2599; x_wconf 86' lang='lat' dir='ltr'>unus</span> <span class='ocrx_word' id='word_1_606' title='bbox 1453 2583 1483 2598; x_wconf 74' lang='lat' dir='ltr'>ex</span> <span class='ocrx_word' id='word_1_607' title='bbox 1509 2576 1649 2605; x_wconf 83' lang='lat' dir='ltr'>apostolicis</span> <span class='ocrx_word' id='word_1_608' title='bbox 1675 2576 1767 2599; x_wconf 85' lang='lat' dir='ltr'>domini</span> 
     </span>
     <span class='ocr_line' id='line_1_54' title="bbox 147 2618 1768 2650; baseline 0 -9"><span class='ocrx_word' id='word_1_609' title='bbox 147 2619 316 2642; x_wconf 82' lang='lat' dir='ltr'>sacerdotibus</span> <span class='ocrx_word' id='word_1_610' title='bbox 341 2620 435 2643; x_wconf 79' lang='lat' dir='ltr'>electus</span> <span class='ocrx_word' id='word_1_611' title='bbox 461 2622 530 2643; x_wconf 82' lang='lat' dir='ltr'>tanta</span> <span class='ocrx_word' id='word_1_612' title='bbox 554 2621 676 2643; x_wconf 79' lang='lat' dir='ltr'>virtutum</span> <span class='ocrx_word' id='word_1_613' title='bbox 701 2620 828 2650; x_wconf 86' lang='lat' dir='ltr'>praeditus</span> <span class='ocrx_word' id='word_1_614' title='bbox 853 2623 905 2642; x_wconf 89' lang='lat' dir='ltr'>erat</span> <span class='ocrx_word' id='word_1_615' title='bbox 930 2620 1024 2649; x_wconf 61' lang='lat' dir='ltr'>gratia.</span> <span class='ocrx_word' id='word_1_616' title='bbox 1051 2622 1079 2641; x_wconf 90' lang='lat' dir='ltr'>ut</span> <span class='ocrx_word' id='word_1_617' title='bbox 1102 2620 1172 2647; x_wconf 82' lang='lat' dir='ltr'>signa</span> <span class='ocrx_word' id='word_1_618' title='bbox 1197 2625 1241 2648; x_wconf 87' lang='lat' dir='ltr'>per</span> <span class='ocrx_word' id='word_1_619' title='bbox 1268 2626 1324 2641; x_wconf 87' lang='lat' dir='ltr'>eum</span> <span class='ocrx_word' id='word_1_620' title='bbox 1350 2626 1398 2641; x_wconf 91' lang='lat' dir='ltr'>non</span> <span class='ocrx_word' id='word_1_621' title='bbox 1419 2619 1500 2641; x_wconf 90' lang='lat' dir='ltr'>minus</span> <span class='ocrx_word' id='word_1_622' title='bbox 1520 2626 1592 2648; x_wconf 81' lang='lat' dir='ltr'>quam</span> <span class='ocrx_word' id='word_1_623' title='bbox 1613 2618 1705 2641; x_wconf 83' lang='lat' dir='ltr'>dudum</span> <span class='ocrx_word' id='word_1_624' title='bbox 1725 2625 1768 2648; x_wconf 88' lang='lat' dir='ltr'>per</span> 
     </span>
     <span class='ocr_line' id='line_1_55' title="bbox 146 2661 1767 2691; baseline -0.001 -7"><span class='ocrx_word' id='word_1_625' title='bbox 146 2662 267 2691; x_wconf 85' lang='lat' dir='ltr'>apostolos</span> <span class='ocrx_word' id='word_1_626' title='bbox 294 2662 388 2685; x_wconf 87' lang='lat' dir='ltr'>domini</span> <span class='ocrx_word' id='word_1_627' title='bbox 413 2663 509 2685; x_wconf 82' lang='lat' dir='ltr'>flerent.</span> <span class='ocrx_word' id='word_1_628' title='bbox 549 2663 609 2686; x_wconf 88' lang='lat' dir='ltr'>Nam</span> <span class='ocrx_word' id='word_1_629' title='bbox 634 2664 767 2686; x_wconf 80' lang='lat' dir='ltr'>daemones</span> <span class='ocrx_word' id='word_1_630' title='bbox 791 2663 862 2685; x_wconf 75' lang='lat' dir='ltr'>verbo</span> <span class='ocrx_word' id='word_1_631' title='bbox 886 2665 984 2685; x_wconf 88' lang='lat' dir='ltr'>tantum</span> <span class='ocrx_word' id='word_1_632' title='bbox 1004 2663 1113 2691; x_wconf 80' lang='lat' dir='ltr'>fugabat,</span> <span class='ocrx_word' id='word_1_633' title='bbox 1142 2668 1226 2690; x_wconf 77' lang='lat' dir='ltr'>aegros</span> <span class='ocrx_word' id='word_1_634' title='bbox 1246 2662 1297 2684; x_wconf 86' lang='lat' dir='ltr'>sola</span> <span class='ocrx_word' id='word_1_635' title='bbox 1316 2662 1424 2684; x_wconf 83' lang='lat' dir='ltr'>oratione</span> <span class='ocrx_word' id='word_1_636' title='bbox 1443 2662 1556 2689; x_wconf 78' lang='lat' dir='ltr'>curabat,</span> <span class='ocrx_word' id='word_1_637' title='bbox 1585 2661 1627 2684; x_wconf 80' lang='lat' dir='ltr'>sed</span> <span class='ocrx_word' id='word_1_638' title='bbox 1647 2665 1671 2683; x_wconf 82' lang='lat' dir='ltr'>et</span> <span class='ocrx_word' id='word_1_639' title='bbox 1691 2662 1767 2684; x_wconf 77' lang='lat' dir='ltr'>caecis</span> 
     </span>
     <span class='ocr_line' id='line_1_56' title="bbox 147 2704 1767 2735; baseline 0 -9"><span class='ocrx_word' id='word_1_640' title='bbox 147 2704 228 2727; x_wconf 70' lang='lat' dir='ltr'>visum</span> <span class='ocrx_word' id='word_1_641' title='bbox 251 2704 382 2733; x_wconf 73' lang='lat' dir='ltr'>reddebat‚</span> <span class='ocrx_word' id='word_1_642' title='bbox 410 2705 556 2735; x_wconf 78' lang='lat' dir='ltr'>paralyticos</span> <span class='ocrx_word' id='word_1_643' title='bbox 580 2706 610 2728; x_wconf 86' lang='lat' dir='ltr'>ad</span> <span class='ocrx_word' id='word_1_644' title='bbox 636 2706 800 2729; x_wconf 84' lang='lat' dir='ltr'>stabilitatem</span> <span class='ocrx_word' id='word_1_645' title='bbox 825 2707 929 2734; x_wconf 85' lang='lat' dir='ltr'>corporis</span> <span class='ocrx_word' id='word_1_646' title='bbox 956 2706 1083 2728; x_wconf 74' lang='lat' dir='ltr'>revocabat</span> <span class='ocrx_word' id='word_1_647' title='bbox 1108 2708 1133 2727; x_wconf 87' lang='lat' dir='ltr'>et</span> <span class='ocrx_word' id='word_1_648' title='bbox 1157 2705 1234 2727; x_wconf 84' lang='lat' dir='ltr'>multa</span> <span class='ocrx_word' id='word_1_649' title='bbox 1255 2704 1301 2727; x_wconf 80' lang='lat' dir='ltr'>alia</span> <span class='ocrx_word' id='word_1_650' title='bbox 1321 2706 1379 2726; x_wconf 90' lang='lat' dir='ltr'>sunt</span> <span class='ocrx_word' id='word_1_651' title='bbox 1399 2705 1453 2726; x_wconf 86' lang='lat' dir='ltr'>eius</span> <span class='ocrx_word' id='word_1_652' title='bbox 1473 2704 1602 2731; x_wconf 73' lang='lat' dir='ltr'>miracula,</span> <span class='ocrx_word' id='word_1_653' title='bbox 1631 2711 1692 2733; x_wconf 71' lang='lat' dir='ltr'>quac</span> <span class='ocrx_word' id='word_1_654' title='bbox 1713 2711 1767 2726; x_wconf 79' lang='grc'><strong>611111</strong></span> 
     </span>
     <span class='ocr_line' id='line_1_57' title="bbox 146 2747 1767 2777; baseline 0 -8"><span class='ocrx_word' id='word_1_655' title='bbox 146 2747 239 2777; x_wconf 82' lang='lat' dir='ltr'>scripta</span> <span class='ocrx_word' id='word_1_656' title='bbox 262 2754 310 2770; x_wconf 91' lang='lat' dir='ltr'>non</span> <span class='ocrx_word' id='word_1_657' title='bbox 334 2748 401 2777; x_wconf 74' lang='lat' dir='ltr'>sint.</span> <span class='ocrx_word' id='word_1_658' title='bbox 429 2748 505 2771; x_wconf 81' lang='lat' dir='ltr'>etiam</span> <span class='ocrx_word' id='word_1_659' title='bbox 525 2755 590 2771; x_wconf 87' lang='lat' dir='ltr'>nuuc</span> <span class='ocrx_word' id='word_1_660' title='bbox 609 2755 649 2771; x_wconf 87' lang='lat' dir='ltr'>ore</span> <span class='ocrx_word' id='word_1_661' title='bbox 669 2749 798 2771; x_wconf 85' lang='lat' dir='ltr'>hominum</span> <span class='ocrx_word' id='word_1_662' title='bbox 818 2748 984 2771; x_wconf 83' lang='lat' dir='ltr'>celebrantur.</span> <span class='ocrx_word' id='word_1_663' title='bbox 1025 2747 1090 2770; x_wconf 83' lang='lat' dir='ltr'>Talis</span> <span class='ocrx_word' id='word_1_664' title='bbox 1110 2747 1184 2775; x_wconf 80' lang='lat' dir='ltr'>igitur</span> <span class='ocrx_word' id='word_1_665' title='bbox 1203 2748 1229 2769; x_wconf 90' lang='lat' dir='ltr'>iu</span> <span class='ocrx_word' id='word_1_666' title='bbox 1250 2747 1378 2770; x_wconf 83' lang='lat' dir='ltr'>ecclesiam</span> <span class='ocrx_word' id='word_1_667' title='bbox 1398 2747 1490 2770; x_wconf 86' lang='lat' dir='ltr'>domini</span> <span class='ocrx_word' id='word_1_668' title='bbox 1509 2747 1649 2775; x_wconf 74' lang='lat' dir='ltr'>refulgebat</span> <span class='ocrx_word' id='word_1_669' title='bbox 1669 2751 1767 2777; x_wconf 70' lang='lat' dir='ltr'>aposto-</span> 
     </span>
    </p>

    <p class='ocr_par' dir='ltr' id='par_1_13' title="bbox 1509 2796 1558 2820">
     <span class='ocr_line' id='line_1_58' title="bbox 1509 2796 1558 2820; baseline 0 0"><span class='ocrx_word' id='word_1_670' title='bbox 1509 2797 1536 2820; x_wconf 83' lang='lat'>12</span> <span class='ocrx_word' id='word_1_671' title='bbox 1549 2796 1558 2808; x_wconf 70' lang='lat'><em>*</em></span> 
     </span>
    </p>
   </div>
   <div class='ocr_carea' id='block_1_10' title="bbox 1792 1441 1865 1472">
    <p class='ocr_par' dir='ltr' id='par_1_14' title="bbox 1792 1441 1865 1472">
     <span class='ocr_line' id='line_1_59' title="bbox 1792 1441 1865 1472; baseline 0 0"><span class='ocrx_word' id='word_1_672' title='bbox 1792 1441 1865 1472; x_wconf 89' lang='lat' dir='ltr'>XIV</span> 
     </span>
    </p>
   </div>
  </div>
 </body>
</html>
