2038 3036
163 346 290 376 XLVIII

186 498 288 529 XLIX

251 1063 287 1093 1.1

231 1372 284 1402 LII

215 1731 285 1761 LIII

219 2092 286 2122 LIV

317 151 355 179 22
920 143 941 168 Υ
948 143 1019 168 ENA
1027 142 1086 168 N'I'I
1109 139 1324 167 Fon'l‘vNA‘rl

315 243 457 283 quisquis
488 242 535 272 sni
569 239 739 270 rennedinni
773 237 938 278 pecuniam
970 241 1001 266 ut
1034 235 1134 276 potuit
1162 239 1272 266 saneto
1296 235 1362 266 viro
1386 234 1636 276 dispensandam
1662 235 1854 276 pauperibus
1878 235 1935 267 de-

317 300 385 324 note
411 293 459 323 ivl
485 291 595 321 obtulit
621 290 668 320 rel
694 289 819 320 direxit.

422 346 476 373 1:35»
518 340 746 379 I.eu‹le;:iselns
771 340 912 373 inluster.
940 338 1026 369 iuxta
1051 337 1134 378 quod
1158 338 1228 378 ipse
1253 338 1416 379 professus
1439 341 1499 375 est,
1527 348 1597 369 enm
1621 337 1738 377 aliquis
1754 347 1793 368 ex
1812 337 1934 369 familia

314 406 388 425 suae
415 394 525 425 doinus
550 393 719 422 inwnrreret
743 396 851 431 typum
877 389 1102 430 cuiuscumque
1126 394 1180 421 aut
1196 388 1316 430 aliquid
1334 389 1470 429 frigoris,
1498 389 1610 420 lavans
1626 389 1700 420 illas
1717 388 1839 420 litteras
1855 398 1935 429 quas

315 447 343 477 in
368 444 597 484 subseriptione
622 452 733 472 manns
757 446 865 472 saneta
889 441 1087 482 depinxerat,
1115 451 1208 481 qnam
1227 441 1334 482 plnres
1351 450 1424 471 suos
1441 440 1499 472 liae
1516 440 1655 472 medella
1672 440 1767 472 saluti
1785 440 1932 472 restituit.

419 498 483 525 lini:
516 494 656 525 Ilreiiter
681 493 728 523 liis
753 492 928 533 perstrictis
953 502 1183 533 prosequamur
1207 503 1245 524 ex
1269 492 1412 532 reliquis.
1455 492 1592 523 Cusinus
1615 491 1746 532 quidam
1764 491 1934 532 incongrue

313 548 385 579 ‹lnin
416 547 467 577 «lie
497 546 652 576 ‹loniinieo
683 555 764 584 equo
794 554 900 574 ein-ain
927 543 1130 584 inpenderet.
1164 544 1261 575 inissa
1286 554 1381 575 manu
1406 544 1437 575 in
1462 544 1591 575 vulnere
1615 543 1735 583 digitus
1759 543 1827 575 eius
1851 543 1935 574 intu—

314 599 399 630 innit.
450 598 528 628 lline
560 600 726 634 grassante
758 596 879 626 fervore
903 599 967 626 tota
992 605 1064 636 pars
1089 595 1210 627 brachii
1234 595 1396 626 relaxatur
1419 595 1595 636 putredine.
1645 595 1705 632 Qui
1729 605 1784 636 per
1808 594 1934 625 Belsam

313 654 420 681 sain-to
445 649 576 680 iterante
603 653 634 679 nt
657 647 697 678 ad
723 647 849 678 domum
875 656 963 677 suani
989 647 1160 678 diverteret
1183 647 1330 688 precibus
1355 647 1434 678 fusis
1458 646 1603 678 obtinuit.
1655 648 1734 686 1137·
1767 646 1838 677 Mox
1866 646 1934 677 eius

313 701 474 732 turm-liinm
501 700 547 731 rir
570 699 620 731 dei
646 709 729 738 aqna
753 698 859 729 valida
883 698 1029 730 confovit.
1059 699 1188 740 insuper
1212 699 1280 730 oleo
1301 698 1465 730 benedicto
1482 707 1695 739 perunguens
1723 697 1934 739 superpositis

313 753 411 783 «antis
448 752 530 782 toliis
567 751 718 782 iniritieus
753 750 896 781 inediens
932 750 1098 789 adligavit.
1149 750 1201 781 sie
1231 749 1386 790 quidquid
1415 750 1516 781 inerat
1547 749 1662 781 ulceris
1690 749 1831 790 pretiosa
1858 758 1934 780 cura

313 804 464 835 restinxit.
518 804 587 834 l'ost
612 803 679 843 ipse
704 802 825 842 gratias
850 801 990 833 referens
1016 804 1124 833 saneto
1149 801 1216 833 viro
1240 801 1374 833 occurrit
1397 802 1454 833 tali
1477 805 1605 833 curatus
1630 801 1834 842 malagmate.

402 857 483 894 Ἰῑίκ)
514 855 588 885 Item
614 864 724 885 servus
747 853 903 884 ecelesiae
920 853 1073 884 Libanius
1097 853 1221 884 nomine
1246 853 1298 884 die
1323 853 1481 885 dominico
1505 863 1633 894 saepem
1657 852 1835 884 inconsulte
1858 851 1932 883 dum

311 907 487 938 clauderet.
517 916 629 937 manns
652 905 680 936 ei
706 908 885 936 contractae
909 909 982 936 sunt
1007 905 1124 936 ultione
1148 904 1325 946 praesenti,
1354 905 1408 946 qni
1432 905 1473 936 ad
1498 908 1641 936 sanetum
1666 905 1766 936 virum
1793 903 1932 935 Pal-isius

313 959 418 989 inorbo
442 957 618 996 castigante
645 956 809 997 percurrit.
861 958 941 995 (1:39.
971 955 1089 993 Quem,
1121 956 1183 987 olei
1208 956 1366 988 benedieti
1391 956 1511 997 liquore
1535 956 1678 997 perfuso,
1712 955 1853 997 mysterii
1877 966 1934 997 po-

311 1009 372 1040 tius
397 1013 555 1047 unguento
580 1018 734 1048 resperso.
762 1007 872 1038 addita
896 1008 1039 1039 oratione
1064 1007 1271 1039 incolomitati
1297 1008 1444 1039 restituit.

402 1061 483 1099 ‹ji-to)
514 1060 571 1090 l'er
600 1059 794 1099 singulorum
827 1059 1007 1100 conpendia
1037 1063 1164 1091 currant
1187 1070 1290 1091 rerum
1314 1060 1478 1091 miracula.
1526 1059 1672 1100 Namque
1695 1058 1856 1091 Andulfus
1880 1069 1932 1091 ee-

310 1111 427 1142 clesiae
452 1111 632 1142 Par-isiacae
664 1111 798 1142 clericus
829 1111 904 1142 dum
929 1111 980 1143 die
1004 1111 1243 1143 resurrectionis
1268 1112 1299 1143 in
1324 1111 1451 1143 vineola
1476 1121 1534 1143 sua
1558 1121 1655 1143 nuces
1678 1111 1718 1143 ab
1742 1111 1853 1143 arbore
1875 1121 1933 1142 ex-

310 1167 437 1195 cuteret.
467 1173 521 1203 pro
545 1173 582 1194 eo
606 1163 689 1202 qnod
713 1165 862 1202 operatus
886 1166 934 1194 est
957 1163 987 1194 in
1012 1163 1064 1194 die
1081 1163 1342 1201 inluminationis,
1372 1163 1525 1195 caecitate
1543 1172 1714 1204 percussus
1734 1166 1782 1194 est
1797 1166 1829 1194 et
1843 1163 1932 1194 vultu

309 1215 475 1245 tenebroso
505 1214 643 1255 perstitit
671 1213 745 1244 anni
775 1214 924 1254 spatium.
978 1216 1059 1254 rglw
1089 1214 1211 1246 Dehine
1236 1215 1376 1256 pontifici
1399 1215 1524 1246 oblatus
1548 1218 1579 1246 et
1602 1218 1710 1246 sancto
1734 1214 1931 1256 perunguine

310 1266 471 1307 pertusus.
510 1266 573 1297 diei
606 1275 713 1297 rursus
743 1265 886 1297 redditus
918 1269 949 1297 et
978 1266 1152 1297 sacerdotis
1183 1276 1329 1298 serenum
1361 1266 1510 1307 purgavit
1539 1266 1645 1298 elerici
1676 1266 1831 1298 nubilum.
1880 1265 1932 1298 Sic

309 1317 464 1357 quidquid
489 1317 632 1348 minister
654 1317 761 1348 amisit
784 1317 984 1349 medicabilis
1008 1318 1135 1358 praesul
1161 1318 1305 1349 obtinuit.

400 1371 479 1408 (rt-2²
510 1369 548 1399 Et
571 1369 645 1408 qnia
669 1372 814 1400 creseunt
836 1379 956 1409 genera
980 1369 1201 1400 miraculorum
1226 1380 1282 1410 per
1305 1373 1456 1410 tempora,
1485 1380 1554 1402 eum
1579 1369 1646 1409 regi
1671 1372 1931 1410 praesentaturus

309 1421 355 1451 vir
384 1421 495 1452 beatus
527 1424 703 1451 occurreret
732 1420 810 1451 villa
834 1420 1002 1459 Roteiaco‚
1037 1421 1172 1452 clericus
1204 1421 1233 1452 ei
1263 1421 1424 1461 nequitiae
1456 1421 1567 1462 spiritu
1592 1425 1726 1453 vexatus
1750 1420 1928 1452 adducitur.

310 1472 398 1503 Vnde
430 1472 562 1513 expulso
585 1471 784 1511 adversario7
821 1471 1004 1503 videntibus
1029 1472 1305 1504 eircnnistantilms
1330 1473 1417 1504 velut
1439 1472 1509 1504 avis
1534 1473 1669 1513 parvula
1693 1472 1731 1504 de
1755 1472 1858 1513 eapite
1882 1472 1930 1503 in-

309 1523 483 1563 erguminis
515 1523 625 1554 umbra
656 1524 767 1563 fugata
798 1523 972 1563 egreditur.
1037 1526 1115 1564 (143]
1145 1524 1247 1562 Quam
1278 1524 1352 1556 dum
1384 1524 1497 1564 reliqui
1527 1534 1583 1566 per
1613 1524 1740 1556 domum
1771 1524 1930 1555 volantem

308 1575 564 1615 insequerentur.
599 1575 668 1616 ipse
699 1578 827 1606 sanetus
858 1575 925 1606 suis
957 1586 1028 1607 eam
1054 1576 1199 1608 contrivit
1222 1575 1383 1616 vestigiis,
1416 1579 1448 1608 et
1471 1586 1540 1607 cum
1564 1576 1646 1617 pede
1671 1575 1926 1617 eonprimeretur,

308 1636 459 1657 conversa
491 1630 537 1657 est
570 1629 698 1667 repente
730 1626 829 1658 fallax
861 1626 893 1658 in
925 1627 1113 1667 sanguinem
1143 1627 1304 1668 geminato
1337 1627 1522 1669 praeconio.
1556 1631 1591 1659 nt
1620 1638 1678 1659 nec
1701 1628 1878 1659 calcaretur
1901 1629 1932 1658 et

308 1678 357 1708 sni
381 1688 473 1709 casus
496 1678 613 1709 indicio
638 1678 830 1709 multifarius
854 1678 967 1710 artifex
991 1679 1081 1710 tieret
1105 1679 1236 1719 sanguis
1261 1689 1333 1711 reus
1358 1679 1560 1719 sanguinum.

415 1731 481 1768 14⁷1)
509 1729 664 1761 Producat
694 1740 796 1770 pagus
819 1730 1003 1762 onminsis
1026 1730 1109 1763 iuter
1131 1735 1238 1762 nostra
1262 1730 1346 1771 quod
1370 1741 1460 1762 suum
1485 1735 1549 1769 est7
1585 1741 1624 1763 ne
1648 1735 1795 1763 teneatur
1816 1730 1849 1762 in
1873 1730 1929 1762 ob-

308 1790 397 1811 scuro
422 1781 597 1821 posteritati
622 1791 671 1812 res
695 1781 835 1813 luminis.
881 1781 914 1813 Si
938 1782 1066 1822 quidem
1091 1783 1138 1814 vir
1162 1782 1381 1814 sanctissimus
1405 1782 1446 1814 ad
1470 1782 1578 1814 villam
1596 1782 1755 1814 Tasiliaeo
1779 1791 1850 1813 cum
1874 1781 1930 1813 de-

309 1832 459 1863 clinasset
482 1832 604 1871 itinere,
632 1833 761 1864 offertur
784 1833 813 1864 ei
837 1833 951 1865 mulier
974 1834 1023 1865 cui
1048 1834 1167 1875 duplex
1191 1834 1319 1865 morbus
1335 1838 1413 1873 erat.
1440 1834 1514 1866 inde
1531 1838 1673 1865 vetustas
1690 1834 1762 1866 hine
1779 1833 1926 1865 caecitas.

327 1885 389 1913 145'
421 1883 563 1915 Salutem
601 1884 765 1924 deprecari
799 1885 905 1916 verbis
941 1885 1148 1917 trementibus
1182 1885 1308 1927 incipit⁷
1348 1896 1411 1925 qua
1446 1885 1678 1926 supplicatione
1711 1889 1813 1917 motus
1844 1885 1928 1917 senis

307 1934 448 1965 mulieris
477 1938 508 1966 et
539 1935 670 1975 debilis,
705 1936 845 1968 oratione
875 1937 1101 1977 praecedente,
1137 1938 1207 1969 oleo
1238 1937 1405 1979 superfuso
1435 1937 1585 1969 lucernae
1609 1937 1769 1969 oculorum
1793 1937 1930 1969 reddunt

307 1986 434 2017 luminis
458 1987 563 2017 radios
587 1990 618 2018 et
641 1987 725 2018 datis
749 1988 970 2029 specularibus
994 1989 1145 2021 tenebrae
1170 1989 1328 2030 fugerunt.
1371 1989 1441 2027 Qua
1464 1989 1652 2020 inluminata
1676 1988 1735 2020 deo
1759 1988 1928 2021 reddentes

307 2037 451 2076 gloriam,
480 2048 535 2078 per
558 2048 649 2077 quein
668 2039 813 2071 Christus
838 2044 986 2081 operatur
1010 2040 1175 2073 adstantes
1200 2041 1301 2073 saneti
1326 2041 1477 2073 Germani
1501 2041 1684 2082 praeconati
1707 2044 1780 2072 sunt
1802 2040 1925 2072 merita.

401 2091 470 2126 (ΗΓ)
509 2089 738 2122 Dinnmeramli
762 2095 834 2123 sunt
856 2092 966 2123 morbi.
995 2096 1027 2123 nt
1052 2092 1252 2133 praedicetur
1268 2093 1338 2124 fons
1355 2092 1480 2124 medici.
1521 2092 1690 2133 Daningus
1706 2091 1829 2124 Ardulfi
1846 2092 1928 2124 filius

307 2140 351 2171 ita
375 2141 492 2181 capite.
529 2141 629 2172 oeulis
654 2145 685 2173 et
707 2142 780 2173 totis
804 2143 955 2184 hydropis
980 2144 1088 2175 morbo
1113 2146 1222 2176 tensus
1248 2147 1316 2176 erat
1339 2144 1533 2184 visceribus,
1568 2148 1601 2176 ut
1622 2144 1655 2175 in
1678 2143 1756 2175 utris
1780 2143 1928 2175 similitu—

306 2191 411 2223 dinem
443 2192 531 2232 quasi
562 2196 645 2224 totus
676 2197 786 2225 venter
815 2198 899 2226 esset
929 2195 1102 2236 penetratis
1134 2195 1301 2234 vitalibus,
1337 2196 1424 2227 velut
1455 2196 1570 2227 vitrum
1601 2195 1780 2237 perluceret
1808 2194 1928 2227 infecta

306 2243 385 2274 eutis
409 2243 610 2275 intrinsecus.
651 2245 712 2280 Qui
737 2256 756 2276 a
780 2245 912 2277 medicis
936 2246 1118 2287 disperatus
1142 2246 1184 2278 ad
1207 2247 1293 2278 beati
1318 2247 1461 2287 confugit
1480 2251 1623 2279 extrema
1639 2251 1721 2278 sorte
1738 2246 1923 2278 remedium.

326 2296 388 2334 t-t7v
420 2294 519 2331 Quem
552 2306 622 2326 mox
651 2296 791 2327 restibus
815 2301 909 2328 exuto
933 2301 964 2329 et
987 2298 1086 2329 sacris
1111 2298 1256 2329 manibus
1280 2302 1449 2340 peruncto,
1484 2298 1637 2340 hydropis
1660 2298 1802 2330 inclusus
1827 2298 1927 2339 liquor

307 2346 425 2386 liquore
450 2347 644 2378 eonsumitur
667 2352 697 2378 et
713 2358 797 2388 aqua
812 2348 971 2381 infusione
988 2349 1050 2381 olei
1067 2349 1257 2382 desiccatur.
1299 2350 1351 2381 Sic
1367 2350 1460 2382 modo
1477 2350 1657 2381 admirabili
1673 2360 1731 2382 nec
1748 2359 1836 2382 umor
1851 2349 1926 2382 foris

306 2408 454 2437 egressus
478 2401 526 2429 est
550 2408 606 2430 nec
629 2398 715 2430 intus
739 2399 874 2440 languor
897 2404 1038 2432 retentus
1062 2404 1120 2442 est,
1148 2404 1215 2433 alte
1239 2401 1448 2443 praedicabili
1465 2411 1604 2434 umorem
1621 2411 1660 2434 ex
1678 2411 1784 2433 umore
1801 2401 1922 2433 siccari.

390 2527 404 2549 ἶ»
424 2528 630 2557 subs‹·ripti·›1iein
654 2530 673 2550 (ι’
780 2529 791 2552 Τ
814 2529 885 2562 dum}
908 2532 935 2558 (ι’,
959 2539 1013 2554 euin
1034 2531 1061 2559 1¹,
1087 2532 1121 2560 cs.
1142 2534 1235 2561 pui-tem
1255 2533 1276 2561 1,
1297 2540 1322 2561 p.
1343 2533 1393 2555 398
1498 2539 1589 2561 eqnnm
1610 2531 1631 2554 Ρ
1733 2530 1797 2564 eius]
1815 2531 1872 2555 add.
1894 2529 1926 2554 Ρ2

306 2571 320 2591 S
340 2570 405 2592 belsa
428 2569 447 2592 1¹
550 2572 564 2592 a
585 2570 703 2603 iterante]
723 2572 767 2594 I’G
875 2573 900 2596 Il
924 2575 987 2596 cauli
1009 2574 1030 2596 1’
1136 2574 1164 2598 1⁶2
1185 2573 1342 2607 malagmate]
1366 2576 1393 2604 (ι’,
1415 2578 1454 2598 est
1473 2576 1616 2604 maligmate
1636 2575 1664 2604 P,
1688 2574 1723 2603 cs.
1745 2581 1818 2598 ειη-ππ.
1841 2574 1877 2603 11,
1898 2575 1921 2602 4,

310 2614 353 2634 15:
374 2613 416 2634 tali
438 2613 581 2641 iiiailagrnate
601 2615 710 2637 inum-tis
835 2615 862 2639 13
883 2624 941 2646 sepe
961 2617 989 2645 P,
1011 2624 1084 2648 saepe
1108 2617 1128 2639 G
1251 2617 1280 2641 14
1300 2618 1384 2647 parius
1405 2617 1426 2640 1>
1543 2618 1572 2641 lt}
1592 2622 1750 2647 unguentum
1770 2623 1885 2647 respnnso
1905 2616 1926 2640 P

307 2654 336 2675 21¹
356 2656 435 2683 spatia·
466 2658 485 2676 (ι’
602 2656 772 2690 pei-unguine]
795 2658 822 2687 P,
845 2661 1008 2686 *cn-unguine
1031 2659 1071 2688 (ι’ῐ,
1094 2661 1123 2683 ab
1143 2667 1170 2683 eo
1191 2661 1302 2689 unguine
1326 2658 1358 2683 (1‘2
1472 2660 1501 2684 21
1524 2668 1610 2684 sereno
1630 2660 1659 2683 Ρ1
1771 2659 1802 2684 25
1821 2660 1924 2682 circum-

306 2701 400 2718 ΛΜΝ*
422 2697 449 2718 1¹¹
567 2699 740 2731 itu-muminisl
761 2701 803 2723 PG
927 2702 957 2726 27
979 2707 1147 2733 conpr-emeret
1167 2710 1238 2726 uersu
1261 2703 1281 2725 P
1403 2703 1434 2726 29
1454 2711 1514 2727 suns
1534 2703 1556 2726 P
1675 2703 1707 2727 30
1727 2702 1883 2726 uxsomensis
1901 2699 1922 2723 G

306 2739 332 2761 :51
358 2741 507 2768 posteritatis
530 2741 550 2763 1¹
677 2744 708 2764 :38
729 2747 800 2766 tenus
821 2743 850 2766 1¹¹
982 2745 1013 2768 40
1033 2747 1062 2768 ab
1084 2746 1121 2775 μί)
1247 2747 1345 2769 beatum
1366 2746 1388 2768 P
1510 2746 1539 2770 41
1562 2750 1666 2770 exutum
1687 2759 1718 2763 »-
1738 2748 1883 2776 perunctum
1902 2743 1924 2768 Ρ

306 2781 336 2804 ·l‘.'
356 2781 460 2814 liquore]
480 2784 573 2813 liquore
595 2785 623 2806 1²¹
733 2793 762 2809 ne
784 2786 812 2808 1¹¹

1957 707 1984 726 10

1955 964 1982 984 15

1951 1223 1980 1242 20

1951 1481 1980 1501 25

1949 1739 1978 1758 30

1947 1997 1976 2017 :³⁵

1944 2255 1974 2275 «Io
