2038 3036
749 110 840 136 VITA
860 110 973 136 BEATI
993 110 1172 137 MAVRILII.
1728 116 1765 144 97

154 203 368 243 sepulchrum.
431 204 511 242 (115)
547 202 623 233 Erat
654 213 769 243 nempe
801 213 878 244 puer
909 204 963 235 ille
995 207 1058 235 tam
1088 205 1178 244 gravi
1210 205 1399 236 infirmitatis
1430 206 1536 237 dolore
1567 206 1763 237 constrictus

154 253 365 284 membrorum
401 253 540 284 omnium
570 253 737 284 contractis
766 254 872 285 nervis
908 255 998 294 quasi
1030 255 1061 286 in
1093 255 1242 286 circulmn
1275 256 1449 295 involutus⁷
1484 256 1527 287 ita
1558 260 1590 287 ut
1620 256 1768 296 glomeris

155 304 289 335 rotulam
324 304 430 345 potius
464 303 580 334 imitari
615 307 796 335 cerneretur
830 315 922 343 (11111111
958 305 1094 337 hominis
1128 306 1271 337 formam.
1333 308 1414 346 (1111)
1441 307 1640 338 Adveniente
1664 311 1769 339 autem

156 355 303 396 episcopo
338 355 419 386 inter
453 354 682 385 benedictionis
717 354 944 395 flagitationem
980 357 1082 387 cuncti
1115 357 1296 388 catervatim
1329 357 1369 388 ad
1400 358 1499 398 pedes
1531 358 1598 389 eius
1630 361 1765 396 ruentes,

121 418 134 434 r,
155 405 251 437 etiam
275 405 504 445 congeminatis
528 405 659 436 vocibus
684 406 849 437 unanimes
873 407 1024 439 orabant,
1053 411 1086 438 ut
1109 407 1223 438 infirmi
1248 408 1336 448 pueri
1360 409 1488 449 pictatis
1511 409 1615 440 studio
1638 409 1770 440 miserc-

155 460 251 488 retur.
299 456 366 488 Nec
391 456 474 487 enim
498 456 647 487 sacerdos
671 456 759 487 aliud
784 456 887 488 facere
912 458 1012 498 potuit
1036 468 1130 497 quam
1154 459 1238 498 quod
1262 459 1400 499 populus
1423 459 1547 490 domino
1571 460 1770 500 permittente

155 507 268 548 coegit.
323 508 402 546 (117)
432 507 605 538 Prostravit
628 517 661 538 50
686 507 812 539 omnino
836 508 941 539 statim
966 509 1115 540 sacerdos
1138 509 1169 540 in
1194 510 1332 540 oratione
1356 520 1426 541 cum
1448 510 1585 541 lacrimis
1602 521 1660 542 nec
1676 515 1771 542 antea

154 568 280 599 semper
303 558 463 590 Christum
494 558 674 598 planctibus
703 559 854 590 invocans
884 560 924 590 ab
953 560 1093 591 oratione
1117 561 1267 591 surrexit.
1304 561 1404 592 (10000
1428 561 1567 592 distortis
1590 561 1675 592 tibiis
1700 571 1771 592 000-

155 610 278 651 pissent
300 618 334 640 se
359 608 486 649 singula
509 609 600 649 pueri
624 610 764 640 membra
789 610 971 641 distendere
995 621 1031 641 ac
1054 611 1204 651 pristinos
1221 611 1253 641 in
1269 612 1399 642 artubus
1415 612 1604 652 repetissent
1620 611 1766 643 reflexus.

105 671 133 691 10
160 661 240 700 (118)
269 661 350 691 Τ1101
376 669 510 699 surgens
534 660 573 691 ab
599 661 740 692 oratione
764 661 1029 701 apprehensaque
1053 672 1148 693 manu
1173 662 1278 702 1111011,
1306 663 1464 703 extemplo
1488 663 1675 693 incolumem
1700 662 1771 693 red-

154 711 235 743 didit
265 710 449 752 parentibus
480 710 533 749 qui
562 711 696 742 aliorum
728 712 873 743 manibus
904 713 945 743 ad
975 723 1008 743 se
1040 723 1074 744 se
1106 713 1288 753 deportatus
1318 713 1421 744 fuerat
1450 717 1609 753 aegrotus.
1657 713 1770 753 Sicquc

154 763 266 794 beatus
291 763 338 793 vir
361 762 528 793 Mamilius
552 762 611 793 iter
635 762 719 802 quod
744 767 891 803 coeperat
914 763 1106 804 explicabat.

243 814 324 854 (119)
353 813 432 845 Cum
456 817 562 845 autem
585 813 626 844 ad
650 817 773 854 portum
791 814 861 845 Lidi
886 813 1022 844 fluminis
1047 814 1252 854 pervenisset7
1282 815 1401 845 nullam
1424 815 1468 846 ibi
1492 825 1604 846 navem
1622 815 1768 855 repperit,
1796 814 1890 846 XXII

154 864 212 896 sed
243 874 352 895 omnes
381 874 420 896 ex
444 868 533 906 parte
556 863 695 895 fluminis
719 865 821 896 altera
843 865 1034 896 tenebantur
1056 875 1115 896 nec
1138 865 1234 896 etiam
1259 869 1355 896 nauta
1379 866 1510 906 parebat
1533 865 1585 904 qui
1609 865 1770 905 navigium

106 926 134 945 15
154 915 352 947 adduxisset.
398 915 490 953 Quod
513 915 587 946 dum
611 916 861 956 praestolaretur
885 920 915 947 et
938 926 1029 947 nemo
1053 920 1138 947 esset
1160 916 1214 956 qui
1237 916 1426 955 traduceret,
1454 920 1582 957 repente
1607 926 1640 947 se
1664 926 1771 947 omnes

153 967 280 998 carinae
311 967 419 998 divina
446 967 586 998 iussione
617 970 757 998 semotae
789 977 807 998 a
838 967 928 998 litore
958 967 999 998 ad
1029 967 1215 1007 obsequium
1248 967 1406 1008 praesulis
1437 968 1469 998 in
1494 971 1614 1008 partem
1639 967 1771 998 alteram

153 1018 361 1049 deducuntur.
416 1019 497 1057 (120)
526 1017 616 1049 Vnde
640 1027 710 1049 cum
734 1018 939 1059 omnipotenti
962 1018 1082 1058 gratias
1106 1018 1305 1050 retulissent.
1340 1018 1477 1058 ingressi
1501 1027 1598 1049 naves
1624 1018 1682 1049 deo
1707 1018 1772 1048 solo

153 1069 364 1110 gubernatore
395 1079 432 1101 ac
463 1069 583 1109 remige
613 1069 732 1109 absque
763 1070 971 1101 humanorum
995 1073 1161 1101 nautarum
1185 1069 1376 1101 adminiculo
1401 1069 1602 1100 transierunt.
1652 1069 1773 1099 Verun-

153 1123 261 1151 tamen
284 1120 389 1151 nautis
413 1120 467 1160 qui
490 1123 707 1157 accurrerant,
735 1120 826 1160 quasi
851 1121 877 1151 si
902 1130 1007 1152 eorum
1033 1121 1140 1151 labore
1164 1120 1348 1159 transisset,
1376 1121 1506 1151 naulum
1530 1130 1591 1151 0011
1615 1120 1772 1160 expetitus

103 1181 132 1201 20
154 1171 201 1202 uti
223 1171 329 1202 fidelis
354 1171 477 1202 debitor
501 1171 571 1202 dari
594 1171 768 1212 praecepit.

243 1223 323 1262 (121)
354 1222 471 1253 Villam
495 1221 653 1261 quandam
679 1222 866 1253 Ger-eiacum
890 1222 1017 1253 nomine
1041 1222 1083 1253 ad
1106 1222 1259 1253 alimenta
1282 1222 1497 1263 captivorum⁷
1532 1221 1697 1253 viduarum
1722 1224 1771 1252 at-
1793 1221 1905 1252 XXIII

153 1283 215 1313 que
246 1274 438 1314 pupillorum
470 1283 528 1304 nec
558 1283 619 1304 non
651 1273 795 1304 subsidia
825 1273 1008 1305 clericorum
1038 1284 1076 1305 ac
1106 1283 1280 1314 pauperum
1310 1273 1505 1314 profuturam
1529 1273 1576 1303 vir
1598 1272 1710 1304 beatus
1735 1282 1773 1303 cx

153 1325 248 1356 rebus
272 1324 427 1356 ecclesiae
452 1328 700 1365 comparaverat.
754 1325 833 1364 (122)
864 1324 964 1361 Quam
989 1324 1062 1355 dum
1086 1324 1224 1364 quadam
1248 1324 1299 1355 die
1323 1327 1357 1355 ut
1380 1323 1497 1354 ibidem
1521 1322 1673 1363 quiddam
1697 1333 1774 1363 0110-

153 1375 197 1406 115
221 1378 332 1416 ageret
355 1386 426 1407 cum
450 1375 600 1406 fratribus
625 1375 780 1414 circuiret,
811 1378 940 1415 repente
964 1385 1060 1406 cornu
1083 1378 1195 1415 petens
1219 1374 1319 1406 vitula
1341 1374 1492 1406 instinctu
1516 1374 1680 1405 daemonis
1703 1378 1775 1405 acta

103 1436 133 1456 25
154 1435 224 1458 011111
255 1426 378 1466 ingenti
401 1426 523 1466 mugitu
547 1436 584 1457 ac
607 1426 704 1457 torvis
728 1425 901 1457 furibunda
924 1426 1096 1457 luminibus
1119 1426 1151 1456 in
1175 1436 1246 1456 eum
1271 1425 1396 1457 rotatim
1421 1436 1491 1456 cnm
1515 1435 1630 1465 magno
1654 1425 1774 1465 impetu

154 1477 355 1514 accurrebat,
391 1480 500 1508 eontra
529 1487 622 1517 quam
654 1487 724 1508 011111
755 1477 867 1508 beatus
898 1477 1069 1518 episcopus
1099 1477 1224 1517 signum
1256 1476 1357 1507 crucis
1388 1480 1573 1517 opponeret7
1610 1486 1682 1507 mox
1706 1475 1775 1506 dia—

154 1528 246 1559 bolus
276 1527 315 1559 de
345 1528 448 1568 capite
480 1528 547 1559 eius
578 1528 610 1558 in
642 1528 748 1568 specie
779 1528 863 1559 corvi
887 1528 1055 1569 egrediens
1080 1528 1217 1559 evolavit
1240 1531 1271 1558 et
1294 1528 1398 1559 subito
1422 1537 1479 1559 0011
1504 1527 1608 1558 fumus
1632 1526 1771 1558 evanuit.

159 1580 240 1619 (123)
269 1579 359 1610 Multi
388 1580 471 1610 enim
502 1579 643 1610 fidelium
674 1579 727 1619 qui
757 1579 987 1610 comitabantur
1017 1579 1117 1610 oculis
1146 1579 1225 1610 haec
1254 1578 1363 1610 videre
1392 1578 1549 1619 corporeis
1580 1581 1770 1609 meruerunt.

154 1630 280 1661 Bubula
309 1640 384 1661 vero
415 1629 505 1670 gregi
537 1639 593 1661 suo
623 1630 729 1661 statim
760 1630 865 1661 mitior
895 1640 928 1661 50
952 1640 1011 1661 ove
1034 1630 1195 1661 inmiscuit
1218 1633 1249 1661 et
1272 1629 1423 1670 deinceps
1447 1629 1605 1660 neminem
1629 1629 1723 1660 laesit
1745 1632 1775 1660 et

104 1692 133 1711 30
154 1691 316 1721 nunquam
339 1681 463 1721 aliquid
485 1681 563 1712 mali
586 1681 726 1722 pertulit.

246 1733 325 1771 (124)
355 1732 500 1770 Quadam
530 1742 667 1772 namque
699 1732 750 1764 die
775 1732 848 1763 dum
874 1742 930 1773 per
953 1731 1131 1763 Meduanae
1154 1731 1283 1762 fluvium
1307 1730 1413 1762 navali
1438 1730 1639 1762 subvectione
1664 1730 1695 1760 in
1721 1730 1774 1760 Li—
1798 1730 1905 1761 XXIV

156 1879 190 1902 ita
213 1881 242 1901 ut
265 1879 360 1907 glomus
384 1878 479 1900 involvi
505 1878 567 1900 solet
593 1879 725 1901 tenebatur
751 1879 876 1901 astrictus.
916 1878 955 1900 Ad
974 1878 1074 1900 beatum
1093 1878 1234 1906 pontificem
1254 1877 1349 1900 ululare
1368 1877 1451 1898 miseri
1470 1879 1584 1906 parentes
1604 1882 1646 1905 pro
1666 1876 1715 1898 filio
1735 1876 1774 1898 in-

156 1921 224 1944 felici
249 1923 396 1951 coeperunt.
423 1923 452 1944 ut
477 1921 610 1950 utriusque
635 1922 805 1944 misereretur.
844 1921 893 1943 Nec
912 1921 979 1943 aliud
999 1920 1110 1943 sacerdos
1129 1920 1207 1943 tacere
1226 1920 1306 1949 potuit
1325 1926 1373 1942 non
1393 1920 1486 1948 absque
1505 1919 1702 1948 importunitatis
1723 1919 1775 1941 vio-

156 1964 234 1987 lentia
258 1964 378 1993 petitione
402 1963 482 1993 plebis
510 1964 619 1986 instante
644 1971 718 1993 quam
745 1966 861 1986 consueta
886 1964 1017 1986 clementia
1042 1964 1141 1992 cogebat
1159 1965 1184 1986 et
1203 1962 1296 1985 domini
1315 1962 1460 1990 suggerebat
1479 1962 1602 1984 voluntas.
1641 1961 1776 1983 Prosternit

156 2013 182 2030 se
203 2007 229 2029 in
248 2007 383 2029 orationem
402 2006 498 2028 diutius
517 2012 563 2029 nec
581 2006 653 2035 longa
672 2006 790 2029 interfuit
809 2013 890 2029 mora:
912 2006 953 2028 illo
973 2009 1058 2029 orante
1077 2007 1211 2035 coeperunt
1230 2005 1347 2028 contracti
1366 2004 1473 2027 membra
1492 2004 1611 2033 paulatim
1631 2004 1733 2027 extendi
1752 2006 1776 2026 et

157 2055 235 2073 venae
257 2055 314 2072 suos
338 2055 468 2078 agnoscere
495 2049 629 2072 discursus.
669 2049 832 2079 Apprehensa
851 2048 952 2072 tandem
972 2057 985 2071 a
1003 2049 1117 2078 praesule
1136 2049 1191 2071 eius
1212 2054 1286 2070 manu
1305 2048 1420 2077 protinus
1439 2047 1554 2076 erigitur,
1582 2046 1642 2069 laeti
1660 2048 1776 2075 parentes

156 2099 212 2115 011111
231 2092 282 2115 fflio
301 2092 421 2115 incolumi
440 2091 537 2114 reddito
555 2092 650 2115 vadunt
670 2092 770 2115 domum
789 2092 919 2115 laudantes
939 2091 1013 2114 deum
1033 2094 1058 2114 et
1076 2091 1174 2121 gloriosi
1193 2090 1317 2120 pontificis
1336 2090 1425 2112 merita
1442 2089 1621 2119 praedicantes.

244 2134 343 2157 13—20
364 2133 533 2163 Mayrrobodus
551 2141 571 2157 c.
594 2134 642 2156 21:
669 2133 732 2157 Cum
755 2134 784 2157 ad
804 2134 864 2156 Ledi
884 2134 989 2157 fluvium
1009 2134 1179 2163 pervenisset,
1207 2133 1302 2155 nullam
1321 2132 1357 2155 ibi
1376 2134 1484 2162 paratam
1502 2132 1596 2161 reperit
1615 2132 1710 2160 navim,
1732 2130 1776 2154 sed

156 2179 221 2200 totae
240 2177 353 2200 ulteriori
373 2177 441 2206 ripae
461 2177 573 2200 fluminis
592 2177 752 2199 tenebantur.
792 2177 892 2199 Nullum
912 2177 960 2199 fuit
984 2175 1155 2204 intervallum,
1183 2176 1235 2198 sine
1255 2175 1361 2197 humano
1382 2175 1457 2197 ductu
1476 2181 1560 2197 omnes
1579 2174 1652 2197 simul
1671 2174 1701 2197 ad
1720 2181 1776 2197 eum

156 2227 202 2250 per
220 2222 389 2243 transversum
408 2226 508 2242 amnem
527 2219 678 2248 diriguntur.
718 2219 763 2242 Vir
782 2219 822 2242 dei
842 2220 931 2248 gratias
951 2220 1001 2248 egit
1019 2219 1078 2248 deo,
1108 2219 1150 2248 qui
1171 2219 1217 2240 sibi
1236 2224 1280 2247 per
1300 2217 1437 2240 mirabilem
1458 2223 1539 2239 rernm
1560 2217 1706 2239 famulatum
1725 2219 1775 2238 tam

157 2263 204 2285 cito
228 2262 340 2285 navalem
365 2263 481 2292 praebuit
505 2263 667 2285 evectionem.
709 2262 757 2285 Sed
782 2265 806 2284 et
830 2262 913 2285 nautis
937 2262 979 2291 qui
999 2264 1054 2291 post
1073 2264 1172 2291 tempus
1192 2261 1341 2283 advenerant
1360 2262 1386 2282 et
1404 2260 1496 2282 sactum
1515 2261 1644 2282 cernentes
1663 2259 1775 2281 astabant

157 2306 290 2335 stupefacti
309 2305 446 2327 mercedem
465 2304 576 2328 reddidit
594 2306 634 2328 sui
653 2304 729 2328 offleii
749 2311 797 2327 non
816 2305 913 2328 laboris.

243 2346 344 2371 21—30
364 2346 532 2376 Maynobodus
550 2355 570 2370 0.
592 2348 640 2370 22;
666 2347 758 2370 Villam
779 2347 921 2370 Gerciacum
947 2348 1000 2377 ipse
1025 2349 1127 2370 sanctus
1151 2347 1206 2369 data
1225 2346 1331 2375 pecunia
1350 2347 1530 2374 comparaverat
1550 2344 1574 2366 in
1594 2344 1775 2373 possessionem

157 2391 243 2414 matris
266 2390 400 2418 ecclesiae,
427 2393 455 2413 ut
479 2390 598 2413 alimenta
617 2391 745 2420 praeberet
765 2391 883 2420 captivis,
910 2390 993 2413 viduis
1013 2393 1037 2412 et
1056 2389 1159 2419 pupillis
1178 2389 1301 2418 simulque
1321 2390 1346 2410 et
1365 2387 1459 2410 clericis
1478 2387 1595 2409 fratribus
1615 2387 1677 2409 suis.
1716 2386 1775 2408 Eam

156 2440 213 2456 cum
237 2432 279 2455 die
301 2432 406 2462 quadam
432 2434 587 2462 circumiret,
615 2440 670 2456 ecce
696 2433 773 2456 vitula
799 2439 883 2455 amens
908 2433 990 2455 obvios
1016 2439 1099 2455 omnes
1123 2431 1257 2454 furibunde
1283 2437 1357 2454 cornu
1376 2432 1465 2460 petens
1483 2430 1508 2452 in
1528 2436 1583 2452 eum
1603 2436 1658 2452 cum
1678 2429 1775 2457 mugitu

158 2478 225 2498 torvo
243 2475 353 2499 fremens
371 2476 518 2506 rotatimque
537 2483 611 2499 ruens
631 2476 754 2499 veniebat.
789 2475 909 2498 Extendit
928 2482 941 2498 e
960 2478 1042 2498 contra
1061 2475 1189 2498 dexteram
1209 2481 1277 2497 suam
1298 2473 1428 2496 interritus
1447 2475 1548 2495 sanctus
1568 2472 1606 2494 dei
1625 2474 1650 2494 et
1664 2471 1774 2494 diabolus

157 2518 188 2541 de
213 2519 293 2548 eapite
317 2519 410 2541 vitulae
435 2519 461 2541 in
484 2519 566 2548 specie
585 2519 650 2542 corvi
670 2525 785 2548 egressus
805 2519 874 2541 velut
893 2518 984 2541 nebula
1003 2518 1117 2546 evanuit,
1144 2517 1230 2539 multis
1249 2522 1333 2539 eorum
1352 2516 1395 2545 qui
1415 2517 1557 2544 praesentes
1576 2514 1678 2537 aderant
1697 2513 1774 2536 oculis

156 2568 216 2584 eum
234 2561 385 2584 videntibus
424 2561 482 2584 Mox
502 2562 594 2584 bucula
613 2562 782 2584 mansuefacta
802 2563 927 2590 tamquam
946 2562 998 2584 ovis
1018 2562 1099 2583 furore
1118 2560 1229 2589 deposito
1249 2559 1329 2582 relicti
1350 2558 1455 2581 armenti
1474 2557 1623 2580 consortium
1645 2556 1772 2586 repetivit.

244 2603 358 2632 31—p.
374 2603 414 2633 98,
437 2604 454 2627 l.
472 2603 502 2627 10
523 2603 691 2634 Maynobodus
711 2611 731 2627 c.
749 2604 797 2627 93.-
818 2603 928 2631 Quadam
947 2604 999 2626 vice
1018 2603 1077 2626 dum
1097 2603 1183 2625 beatus
1202 2602 1333 2625 Mauritius
1352 2608 1394 2630 per
1414 2601 1517 2623 fluvium
1537 2599 1674 2622 Meduanae
1694 2599 1774 2621 navali

248 2730 277 2755 19
297 2735 453 2755 accurrerent
476 2731 542 2761 (GP)
649 2731 677 2755 31
701 2733 828 2755 subuectio
849 2731 869 2754 P

236 2780 362 2801 Vens-rus
378 2781 531 2801 Fomvsnvs.
1540 2778 1568 2801 13
