2038 3036
103 678 130 696 10

100 1188 112 1207 2
118 1190 129 1206 (j

101 1700 130 1718 30

101 1955 130 1973 35

101 2210 130 2228 40

101 2465 132 2484 ⁴5

749 115 839 140 VITA
858 115 970 140 BEATI
991 115 1173 142 MAVRILII.
1725 120 1763 147 53

151 218 212 249 que
235 208 353 239 idolum
378 207 569 238 destruxerit
592 211 622 238 et
646 208 814 238 ecclesiam
838 208 881 239 ibi
905 209 1114 240 construxerit
1136 212 1167 240 et
1191 210 1390 249 postmodum
1414 210 1502 241 illam
1527 209 1638 240 diebus
1658 210 1765 240 multis

151 259 319 290 incoluerit
342 262 373 290 et
395 258 511 289 multas
534 257 577 288 ibi
603 267 659 297 per
683 267 754 289 eum
779 259 923 289 dominus
947 259 1078 291 virtutes
1102 260 1222 291 fecerit.

236 309 294 340 III.
321 309 464 347 Qualiter
486 309 519 340 in
542 308 733 340 Pociacense
757 309 835 340 villa
859 310 1017 348 quendam
1042 310 1199 342 hominem
1224 311 1391 342 Saturnum
1416 312 1540 342 nomine
1564 312 1674 342 ambas
1700 322 1766 342 ma-

150 370 210 391 nus
235 370 274 391 ex
298 364 385 392 utero
410 359 519 391 matris
543 369 620 390 suae
644 359 750 390 aridas
775 359 944 391 habentem
968 364 1053 391 tactu
1077 365 1108 392 et
1131 361 1349 393 benedictione
1374 363 1507 394 sanavit.

236 411 288 441 IV.
317 411 460 448 Qualiter
487 410 646 450 quandam
677 410 840 442 mulierem
864 411 1111 443 Namnetensem
1142 413 1207 444 solo
1238 413 1351 444 intuitu
1384 424 1402 444 a
1432 413 1597 445 daemonio
1621 414 1767 445 liberavit

151 465 181 493 et
206 462 405 503 postmodum
430 461 458 492 ei
482 461 587 492 lumen
612 460 762 492 reddidit..

236 513 274 543 V.
301 512 445 550 Qualiter
476 511 634 551 quendam
665 522 811 552 pecorum
844 516 1001 553 pastorem
1026 524 1118 553 quem
1143 514 1250 555 vipera
1274 515 1483 546 momorderat
1506 515 1545 546 de
1569 515 1671 546 saliva
1695 526 1766 555 pro-

150 563 219 605 pria
244 563 333 603 signo
358 563 459 594 crucis
484 573 578 603 super
602 563 789 594 vulnusculo
813 563 934 595 bestiae
958 564 1104 605 imposito
1129 566 1263 596 sanavit.

236 614 290 645 VI.
317 614 461 652 Qualiter
492 613 616 645 cuidam
648 614 805 654 pernobili
829 618 992 646 matronae
1017 616 1115 646 sterili
1141 616 1238 646 filium
1263 617 1479 657 impetraverit
1502 617 1669 657 ipsumque
1693 618 1767 648 11118-

151 675 212 705 que
243 666 324 696 dono
355 665 549 706 septiformis
574 664 702 705 spiritus
727 666 827 696 sancti
851 666 1034 697 defunctum
1060 670 1130 707 post
1153 667 1319 707 septimum
1347 667 1554 707 depositionis
1577 678 1692 698 annum
1718 678 1767 698 re—

151 716 351 748 suscitaverit
381 720 411 747 et
441 715 639 756 postmodum
671 720 705 747 ut
734 720 803 756 post
835 726 868 747 sc
901 717 1067 757 episcopus
1099 717 1340 748 Andecavorum
1371 718 1459 749 fieret
1489 718 1574 758 apud
1606 719 1766 749 domiuum

152 767 333 798 obtinuerit.

236 818 306 848 VII.
334 817 478 855 Qualiter
507 817 539 848 in
562 818 692 858 praedio
716 819 842 849 nomine
867 818 1023 849 Prisciaco
1049 819 1183 849 alterum
1208 819 1326 850 idolum
1351 819 1475 850 domino
1499 824 1687 860 cooperante
1711 820 1767 851 de-

152 869 299 900 struxerit
322 873 353 900 61
376 869 575 909 postmodum
599 869 643 899 ibi
668 869 853 900 honorabile
878 869 1104 900 monasterium
1128 870 1347 901 construxerit.

236 920 322 951 VIII.
350 920 494 957 Qualiter
522 920 681 960 quendam
713 920 899 951 monachum
929 920 1012 951 datis
1037 920 1232 951 solummodo
1256 921 1392 960 eulogiis
1417 932 1435 952 a
1459 921 1656 952 validissima
1681 921 1767 952 t'ebre

150 981 244 1011 quam
267 981 324 1012 per
346 974 410 1002 tres
433 980 532 1002 annos
556 971 730 1012 pertulerat
753 972 888 1002 sanavit.

236 1022 292 1052 IX.
321 1022 465 1059 Qualiter
496 1022 654 1062 captivum
688 1022 741 1061 qui
765 1022 953 1053 vendendus
978 1022 1153 1054 ducebatur
1176 1033 1195 1053 a
1219 1023 1346 1054 servitio
1372 1023 1554 1055 liberaverit
1577 1027 1607 1054 et
1630 1026 1768 1063 postmo-

152 1073 226 1104 dum
250 1073 483 1113 negociatorem
508 1073 667 1104 dominum
692 1073 795 1114 ipsius
820 1073 859 1104 de
883 1077 980 1104 morte
1006 1074 1251 1105 resuscitaverit.

236 1125 277 1155 X.
304 1124 446 1162 Qualiter
472 1125 504 1156 111
529 1125 652 1165 Ligeris
677 1124 806 1156 flumine
829 1125 982 1164 quosdam
1007 1125 1210 1165 navigatores
1234 1125 1435 1166 naufragium
1460 1125 1654 1166 perferentes
1677 1125 1767 1164 signo

152 1180 281 1207 sanctae
306 1176 406 1207 crucis
431 1176 623 1207 liberaverit.

235 1227 293 1257 XI.
320 1227 464 1264 Qualiter
493 1227 652 1267 quendam
684 1228 836 1258 latronem
868 1228 919 1267 qui
944 1228 1081 1259 asellum
1105 1227 1205 1268 ipsius
1230 1228 1350 1259 furatus
1375 1231 1442 1259 erat
1465 1232 1625 1267 arreptum
1649 1237 1667 1258 a
1691 1227 1768 1258 dac—

150 1278 254 1309 monio
278 1278 472 1310 liberaverit.

236 1329 308 1360 XII.
336 1329 480 1367 Qualiter
509 1329 668 1369 quandam
701 1334 877 1361 matronam
901 1330 1059 1361 Ameliam
1092 1330 1215 1361 nomine
1247 1330 1380 1361 visitans
1413 1330 1480 1361 sola
1509 1330 1688 1361 inunctione
1717 1340 1768 1360 sa—

151 1380 284 1412 naverit.

236 1431 327 1462 XIII.
354 1431 499 1469 Qualiter
523 1431 561 1463 de
586 1432 654 1463 vico
672 1432 815 1463 Calonna
838 1435 869 1463 et
893 1442 951 1463 sua
975 1432 1102 1473 propria
1126 1432 1262 1463 ecclesia
1287 1442 1342 1472 per
1366 1432 1427 1463 vim
1452 1436 1612 1463 extractus
1636 1432 1677 1462 ad
1701 1432 1768 1472 epi-

151 1486 299 1523 scopatus
323 1483 471 1514 honorem
495 1493 552 1524 per
576 1484 704 1514 beatum
730 1483 899 1514 Martinum
917 1484 1112 1514 Turonorum
1137 1484 1409 1524 archiepiscopum
1434 1487 1465 1514 et
1487 1483 1642 1522 reliquum
1667 1493 1768 1523 popu-

150 1534 215 1564 lum
240 1534 351 1574 spiritu
376 1538 485 1565 sancto
509 1534 541 1565 in
565 1534 671 1575 specie
696 1534 931 1566 demonstrante
955 1535 1118 1565 columbae
1143 1535 1263 1566 electus
1288 1538 1318 1565 et
1341 1534 1504 1565 ordinatus
1529 1535 1578 1565 sit.

236 1585 322 1615 XIV.
350 1585 462 1622 Qualis
491 1589 561 1626 post
584 1586 815 1617 ordinationem
840 1586 951 1617 beatus
975 1586 1141 1616 Maurilius
1165 1586 1304 1617 extiterit
1329 1589 1360 1617 et
1383 1586 1459 1625 quid
1483 1595 1537 1626 pro
1562 1595 1598 1616 eo
1622 1585 1768 1616 dominus

151 1635 332 1676 frequenter
356 1640 503 1677 operatus
528 1636 634 1668 fuerit.

237 1688 306 1718 XV.
333 1688 394 1718 Vbi
418 1688 576 1727 quendam
601 1698 639 1719 ex
663 1691 751 1719 utero
776 1688 885 1719 matris
910 1697 986 1718 suae
1011 1697 1139 1719 caecum
1164 1688 1253 1727 signo
1279 1690 1408 1719 sanctae
1433 1687 1533 1718 crucis
1563 1687 1765 1718 illuminavit.

236 1739 322 1769 XVI.
350 1739 495 1776 Qualiter
518 1749 649 1779 puerum
674 1739 713 1770 de
738 1749 799 1779 quo
824 1749 920 1779 supra
944 1738 1091 1772 diximus.
1120 1738 1173 1777 qui
1198 1739 1264 1770 sine
1290 1739 1446 1770 crismatis
1470 1738 1550 1769 dono
1575 1741 1763 1769 excesserat.

150 1800 243 1830 quem
274 1794 360 1821 trans
385 1800 470 1821 mare
494 1790 616 1831 positus
639 1800 696 1830 per
719 1799 768 1820 v11
793 1800 892 1821 11111108
916 1790 1101 1830 planxerat,
1136 1794 1205 1830 post
1229 1790 1398 1830 septimum
1423 1789 1628 1830 depositionis
1652 1799 1768 1819 annum

151 1840 332 1871 Andecavis
356 1844 518 1872 revertens
542 1841 787 1879 resuscitaverit,
817 1851 908 1881 quem
933 1841 1038 1879 etiam7
1069 1840 1142 1871 dum
1167 1841 1374 1879 confirmaret⁷
1402 1841 1557 1871 Renatum
1582 1840 1764 1878 nominavit.

151 1896 182 1922 et
205 1895 277 1932 post
300 1902 332 1922 se
356 1896 390 1923 ut
414 1892 580 1933 episcopus
604 1892 694 1923 fieret
717 1892 957 1923 Andecavorum
983 1901 1053 1922 611111
1078 1891 1203 1922 (101111110
1226 1891 1453 1932 impetraverit.

236 1942 337 1973 XVII.
365 1942 510 1980 Qualiter
532 1943 692 1974 hominem
721 1943 774 1983 qui
798 1943 848 1974 die
880 1942 1036 1973 dominico
1069 1943 1194 1983 operari
1226 1946 1484 1983 praesumpserat
1512 1941 1620 1973 divina
1651 1942 1768 1973 ultione

152 1993 358 2034 dampnatum
383 1994 554 2025 sanaverit.
1738 1992 1740 1995 ’

236 2045 355 2075 XVIII.
383 2045 527 2082 Qualiter
555 2046 688 2077 alterum
715 2045 878 2086 Belgicum
909 2045 1035 2076 nomine
1059 2055 1114 2085 pro
1140 2044 1235 2075 simili
1260 2044 1438 2075 temeritate
1463 2048 1625 2075 caecatum
1649 2044 1769 2074 illumi—

150 2096 285 2127 naverit.

235 2147 325 2178 XIX.
354 2147 496 2185 Qualiter
519 2148 751 2188 impetraverit.
789 2152 822 2178 ut
845 2158 900 2188 per
922 2157 992 2178 xxx
1017 2156 1116 2178 annos
1141 2147 1255 2186 quibus
1280 2146 1461 2177 Andecavis
1484 2146 1651 2187 episcopus
1676 2156 1768 2186 prae-

152 2199 212 2230 fuit
240 2199 348 2229 vinum
380 2202 411 2230 et
443 2199 578 2230 triticum
608 2202 639 2230 et
669 2202 793 2230 ceterae
817 2208 937 2230 merces
962 2208 1018 2238 per
1042 2201 1139 2229 totum
1164 2197 1424 2228 Andecavensem
1450 2207 1566 2238 pagum
1591 2197 1769 2236 aequaliter

152 2249 374 2281 venderentur.

237 2301 299 2331 XX
305 2323 1742 2332 .........................................

237 2351 327 2382 XXI.
355 2351 500 2389 Qualiter
522 2362 541 2382 a
564 2352 793 2383 Cinomannica
817 2352 892 2383 urbe
917 2352 1102 2391 regrediens
1126 2351 1284 2391 quendam
1309 2360 1441 2391 puerum
1466 2350 1613 2390 paralisis
1639 2350 1767 2381 humore

150 2403 317 2434 incurvum
341 2412 399 2434 sua
422 2403 563 2434 oratione
588 2403 723 2434 sanavit.

238 2454 344 2484 XXII.
371 2453 514 2491 Qualiter
536 2464 635 2486 naves
653 2454 723 2485 Lidi
748 2454 885 2485 fluminis
908 2453 949 2484 ad
972 2454 1075 2494 ipsum
1095 2452 1362 2484 transfretandum
1381 2455 1490 2492 sponte
1507 2462 1546 2482 ex
1563 2451 1664 2482 altera
1680 2455 1768 2491 parte

152 2506 183 2536 in
206 2506 341 2536 alteram
366 2509 530 2537 venerunt.

240 2694 254 2717 3
274 2694 396 2724 quandam
420 2694 439 2716 G
555 2693 584 2717 12
604 2695 711 2723 optinuit
733 2694 752 2715 P
863 2693 891 2716 13
912 2694 1068 2715 destruxerat
1089 2692 1110 2714 P
1216 2691 1243 2714 14
1264 2693 1434 2713 construxerat
1456 2690 1476 2713 P
1579 2690 1606 2713 31
1630 2692 1769 2713 carismatis

153 2736 174 2758 (τ’
280 2736 312 2760 -12
332 2737 434 2760 tilulum
455 2737 502 2759 XX
521 2744 567 2759 om.
588 2737 637 2761 GP.
660 2737 767 2766 qualiter
786 2737 891 2759 alterum
911 2735 1003 2759 idolum
1024 2735 1175 2758 destruxerit
1195 2734 1273 2763 suppl.
1290 2733 1389 2756 Bordier
1493 2733 1524 2756 43
1545 2733 1643 2755 rediens
1665 2732 1685 2754 P

1510 2783 1557 2807 11·
