2038 3036
212 1316 250 1346 lv

277 152 314 179 ‘Ji
579 146 770 173 ‹tl'VSCVLA
793 144 985 171 YENAN'I'IU
1006 142 1234 169 r’oR'rVNATO
1253 141 1356 169 MALE
1375 142 1597 170 ATTRIBVTA

280 248 522 284 1‚rau-pararetur
545 241 727 281 episeopus.
764 249 819 280 per
843 238 983 269 tidelium
1009 236 1103 268 eorda
1127 246 1252 268 vomere
1277 236 1467 278 disciplinae
1492 242 1623 270 exarata
1647 242 1774 270 saturus
1798 238 1898 270 divini

279 295 364 326 verbi
390 294 519 325 <emina

379 349 396 371 s.
437 344 501 374 Nee
532 342 629 373 multo
660 346 729 382 post
759 340 961 380 aliquatenus
989 339 1144 370 scientiae
1168 339 1390 380 praerogativa
1412 340 1592 372 illustratus
1615 340 1647 371 in
1671 340 1806 380 quodam
1831 351 1898 372 ino-

279 396 413 427 nasterio
439 395 488 435 pie
514 398 694 433 susceptus.
733 402 820 422 eoma
845 391 958 432 capitis
982 390 1132 422 detonsus
1156 390 1293 422 eflicitur
1315 391 1504 424 monachus.
1539 391 1589 423 eui
1614 391 1816 423 obedientiae
1840 391 1899 423 lui—

278 447 410 477 militate
435 445 599 476 cellarium
625 443 778 474 creditum
804 447 835 473 et
859 441 1137 482 temperandarum
1161 451 1275 472 cursus
1298 442 1444 474 lior-arum
1469 447 1499 474 et
1523 443 1704 483 vigiliarum
1729 442 1898 484 diligentia
1920 452 1933 469 τι

277 497 489 528 eonuuittitur.
538 498 607 533 Qua
640 494 845 535 occupatione
871 493 1033 525 detentus.
1070 502 1126 533 per
1149 492 1233 524 dicin
1259 502 1293 525 se
1318 493 1445 525 lectioni
1471 502 1584 526 vacare
1608 504 1670 525 non
1694 503 1789 535 posse
1812 504 1899 526 com-

278 549 414 590 periens.
451 546 685 578 declinantibus
709 544 749 575 ad
774 544 994 575 dormiendum
1020 543 1184 574 monacbis
1209 544 1416 584 pernoctabat
1438 544 1575 583 intente.
1611 550 1645 576 ut
1668 544 1804 577 disceret
1826 555 1898 577 nor-

276 612 355 631 mam
379 599 526 630 institiae.
582 598 607 635 J
648 597 707 634 Qui
733 606 802 627 eum
828 595 1049 626 assiduitatem
1075 595 1219 626 lectionis
1243 595 1393 628 fratribus
1417 596 1557 628 novisset
1581 606 1757 628 onerosam.
1786 597 1899 628 nolens

274 662 379 682 eorum
411 660 550 681 murmur
581 648 659 680 verti
693 648 722 678 iu
753 647 920 678 tumultum
954 647 1112 677 fenestrae
1144 656 1225 686 quae
1255 647 1356 678 oculis
1385 646 1517 678 fratrum
1551 648 1658 688 patula
1691 652 1758 680 erat
1792 648 1898 680 velum

276 702 432 743 opposuit,
460 706 490 732 ut
518 701 623 732 lumen
649 700 694 731 eis
720 699 866 730 redderet
891 698 1097 729 suboscuram
1122 702 1153 729 ct
1176 698 1245 739 ipse
1270 698 1415 730 lectionis
1440 703 1567 740 caperet
1590 699 1829 731 incrementum.

377 762 391 778 s
432 751 568 790 Quidam
596 756 700 782 antem
731 750 885 781 diaeonus
916 749 1049 780 illustris
1073 749 1198 780 nomine
1222 749 1362 781 Nileffus
1385 759 1582 790 cognoscens
1606 760 1677 782 enin
1702 750 1785 782 velle
1809 750 1899 782 adire

276 806 400 836 lwatum
425 804 569 835 Avitum.
605 802 656 842 qui
687 806 759 833 tunc
791 800 943 842 temporis
975 800 1130 832 heremita
1160 801 1344 832 morabatur
1374 801 1405 832 in
1429 801 1552 834 Pertico
1583 805 1615 833 et
1645 805 1712 833 erat
1735 801 1836 833 abbas
1859 801 1899 833 (le

275 855 454 887 Mieiaeeusi
480 855 547 886 loeo
571 854 622 894 qui
647 856 696 884 est
720 852 799 883 situs
823 852 905 883 inter
929 851 1068 892 Ligerim
1093 856 1123 883 et
1149 851 1336 892 Ligericum,
1365 852 1450 884 dulci
1475 852 1574 884 affatu
1597 853 1702 893 ipsum
1726 852 1900 893 alloquitur

275 908 401 938 dicens:
434 908 598 946 Agnosco.
633 904 743 936 frater.
779 903 818 934 de
853 903 991 934 minimis
1015 903 1057 934 ad
1081 903 1201 934 maiora
1224 907 1254 935 te
1279 903 1361 935 velle
1386 903 1619 941 conscendere,
1654 903 1711 935 sed
1735 913 1817 944 quae
1840 903 1897 935 tibi

275 959 303 989 iu
336 959 479 998 incoepto
511 960 641 987 sanctae
672 954 880 986 institutionis
908 954 1071 996 proposito
1096 954 1263 996 proficiant
1286 955 1386 986 tribus
1410 955 1504 987 rebus
1527 959 1558 987 te
1581 954 1736 987 instruere
1761 956 1894 987 curabo:

275 1010 306 1040 id
331 1014 379 1040 est
404 1008 481 1040 nulli
507 1008 724 1049 episcoporum
749 1010 779 1037 te
804 1006 965 1046 obsequiis
989 1006 1129 1046 obliges,
1162 1006 1237 1046 quia
1260 1006 1342 1038 inter
1364 1006 1466 1038 malos
1490 1007 1592 1038 bonus
1615 1006 1731 1038 multos
1753 1006 1899 1038 invenies

274 1061 476 1091 detractores.
541 1061 558 1088 a
598 1058 693 1090 Aliud
725 1068 853 1089 moneo.
889 1067 928 1089 ne
961 1067 1231 1098 quorumcumque
1256 1058 1415 1089 hominum
1440 1058 1606 1090 basilicam
1631 1067 1741 1099 regere
1765 1062 1819 1090 aut
1842 1068 1898 1099 pe-

274 1112 345 1142 titor
374 1111 496 1141 ambias
527 1114 582 1141 aut
612 1109 773 1151 expetitus
804 1108 1010 1149 adquiescas.
1047 1119 1087 1140 ne
1110 1109 1193 1140 inter
1216 1109 1361 1140 diversos
1385 1119 1488 1141 mores
1511 1113 1566 1140 ant
1589 1109 1724 1150 rigorem
1750 1109 1896 1141 monachi

275 1163 398 1203 perdas.
426 1166 479 1193 aut
502 1161 528 1193 si
552 1160 778 1192 blandimentis
803 1171 864 1191 non
889 1160 1079 1199 consentias,
1109 1160 1314 1192 detrabentes
1337 1164 1443 1192 tamen
1461 1160 1514 1191 vix
1532 1161 1677 1192 sufferas.
1746 1162 1790 1199 ¹0>
1819 1160 1898 1192 Ter-

273 1214 348 1245 tium
375 1223 581 1254 praemoneo.
617 1222 656 1244 ne
680 1222 799 1253 parvae
822 1215 853 1243 te
878 1212 979 1244 socies
1004 1211 1159 1251 cellulae,
1195 1211 1269 1251 quia
1294 1211 1368 1243 dum
1393 1211 1512 1252 singuli
1537 1221 1733 1253 praeponere
1757 1211 1816 1243 sibi
1842 1222 1898 1243 eu-

274 1265 370 1305 piunt.
400 1264 476 1295 nulli
502 1263 683 1295 obedientia
708 1263 915 1294 ministratur.

380 1318 408 1346 11
454 1316 527 1347 Post
558 1318 628 1346 octo
658 1314 765 1354 itaque
795 1324 896 1346 annos
925 1314 956 1345 in
988 1314 1045 1346 illa
1076 1314 1159 1346 cella
1184 1314 1358 1346 monastice
1382 1318 1587 1346 conversatus
1611 1314 1788 1346 beatissimi
1812 1314 1897 1345 Aviti

274 1367 483 1409 praesentiam
509 1376 542 1398 se
567 1366 680 1397 obtulit
703 1365 926 1407 expetendam,
956 1366 1010 1406 qui
1034 1375 1105 1397 cum
1129 1365 1170 1397 ab
1195 1375 1232 1397 eo
1256 1375 1442 1407 responsum
1468 1366 1656 1407 accepisset,
1684 1369 1718 1397 ut
1741 1369 1811 1407 post
1826 1375 1899 1398 eru-

274 1419 423 1450 ditionem
453 1428 548 1458 quam
580 1418 611 1448 in
640 1417 886 1458 congregatione
909 1417 1134 1449 monachorum
1159 1421 1367 1458 percepturus
1391 1420 1459 1449 erat
1481 1417 1522 1448 ad
1546 1416 1650 1458 ipsum
1674 1420 1894 1455 reverteretur,

273 1470 345 1501 iude
375 1470 528 1501 recedens
559 1479 628 1500 cum
660 1468 798 1508 quodam
829 1468 963 1500 diacono
993 1469 1047 1508 qui
1079 1469 1111 1499 iu
1138 1469 1330 1500 monasterio
1354 1468 1542 1509 aliquandiu
1566 1472 1772 1500 conversatus
1795 1469 1899 1500 fuerat

276 1522 396 1562 Ligeris
422 1521 522 1552 littora
548 1520 651 1561 eoepit
675 1529 854 1560 peragrare.
884 1520 1136 1560 perveniensque
1160 1520 1202 1551 ad
1226 1519 1422 1561 praedictum
1440 1520 1632 1552 Miciacense
1656 1520 1894 1558 monasterinm.

274 1572 462 1613 regulariter
486 1575 672 1612 susceptus,
707 1571 827 1603 ibidem
853 1572 947 1612 longo
971 1575 1112 1613 tempore
1137 1575 1344 1603 conversatus
1369 1575 1417 1603 est
1440 1575 1471 1603 et
1495 1581 1530 1603 se
1554 1571 1585 1602 in
1610 1581 1646 1603 eo
1670 1571 1738 1603 loco
1761 1571 1897 1611 alligare

274 1624 387 1655 uoluit.
424 1623 479 1655 sed
505 1623 614 1655 rolens
640 1623 780 1654 Lirinum
806 1623 990 1664 pervenire⁷
1018 1622 1177 1663 quendam
1202 1622 1330 1654 fratrem
1355 1623 1552 1654 Lirinensem
1576 1622 1717 1664 repperit
1739 1622 1896 1654 dicentem

274 1686 307 1706 se
338 1685 397 1706 non
430 1684 521 1715 posse
552 1674 620 1706 illic
650 1674 818 1715 temperiei
850 1674 1140 1706 incommoditatem
1172 1674 1225 1705 vix
1256 1674 1350 1706 ferre.
1399 1673 1467 1712 Quo
1499 1674 1582 1705 dicto
1613 1674 1652 1705 ab
1676 1674 1789 1706 itinere
1813 1674 1897 1714 quod

274 1731 421 1767 coeperat
445 1730 620 1758 revocatur.
675 1727 733 1765 (12)
761 1725 887 1758 Deinde
912 1725 1129 1757 Gavalensem
1155 1729 1309 1767 expetens
1333 1726 1459 1757 urbem.
1494 1735 1563 1757 cum
1587 1736 1606 1756 a
1630 1725 1816 1757 beatissimo
1839 1725 1898 1756 Hi-

275 1777 352 1808 lario
383 1777 524 1809 eiusdem
558 1777 645 1809 urbis
676 1777 816 1809 antistite
846 1777 1088 1809 sacerdotaliter
1117 1777 1232 1808 fuisset
1262 1780 1429 1818 susceptus
1457 1781 1488 1808 et
1511 1776 1744 1818 aliquantisper
1767 1786 1835 1808 cum
1861 1786 1898 1808 eo

274 1834 498 1860 commoratus,
535 1829 639 1869 coepit
669 1829 821 1868 conqueri
852 1829 1034 1869 praedictus
1066 1829 1163 1860 frater
1193 1838 1255 1860 non
1285 1831 1394 1869 aptum
1427 1828 1486 1859 sibi
1518 1828 1620 1859 locum
1646 1838 1716 1859 esse
1741 1827 1782 1859 ad
1805 1827 1898 1859 habi—

274 1880 413 1911 tandum.
482 1882 515 1910 13
557 1879 646 1911 Vnde
678 1890 747 1911 eum
779 1879 860 1911 inter
884 1889 917 1911 se
942 1880 1071 1911 eosdem
1096 1879 1211 1911 fratres
1234 1880 1426 1911 altercantes
1450 1880 1564 1911 beatus
1586 1879 1728 1911 Hilarius
1751 1879 1898 1911 animad-

275 1932 434 1962 vertisset.
464 1931 567 1971 coepit
590 1930 707 1962 hortari
731 1931 821 1962 illum
845 1941 963 1971 vagum
988 1930 1128 1969 fratrem,
1156 1941 1196 1962 ne
1220 1941 1239 1962 a
1263 1930 1412 1962 comitatu
1435 1931 1523 1962 beati
1548 1930 1679 1962 Leobini
1704 1930 1894 1969 discederet,

275 1992 312 2013 ne
345 1982 422 2013 forte
453 1982 652 2013 obedientiae
680 1981 814 2022 gratiam
838 1982 1017 2014 recedendo
1041 1981 1204 2023 perderet.
1241 1992 1335 2022 quam
1360 1981 1514 2013 hactenus
1536 1981 1626 2013 illum
1651 1981 1815 2021 sequendo
1839 1981 1896 2013 ad-

275 2039 366 2074 eptus·
397 2033 520 2064 fuisset.
572 2035 619 2072 rll
661 2033 739 2065 Inde
770 2044 843 2065 vero
875 2033 1062 2065 recedentes
1085 2033 1317 2073 audientesque
1341 2033 1426 2065 beati
1450 2033 1532 2074 Lupi
1556 2033 1674 2064 famam
1698 2033 1792 2073 longe
1816 2033 1898 2064 late-

274 2094 334 2123 que
365 2084 580 2115 crebrescere.
615 2083 656 2115 ad
687 2094 757 2116 eum
783 2095 817 2116 se
841 2085 1003 2116 humiliter
1026 2085 1237 2116 contulerant.
1287 2085 1429 2125 Cumque
1454 2084 1578 2116 modico
1601 2088 1741 2125 tempore
1765 2094 1834 2115 cum
1859 2094 1898 2116 eo

276 2136 383 2166 morati
420 2135 566 2166 fuissent.
607 2135 746 2167 hortatur
781 2136 963 2177 praedictus
998 2136 1095 2168 frater
1130 2139 1238 2177 utpote
1273 2136 1434 2167 instabilis
1469 2139 1501 2168 et
1534 2145 1637 2176 vagus
1665 2135 1739 2167 inde
1769 2135 1896 2167 beatum

365 2290 391 2313 13
415 2290 503 2312 ‹loir-111
525 2290 682 2313 Phloilorsclii
706 2291 744 2314 Lll.
771 2294 797 2313 Η.
821 2291 879 2314 DI).
903 2293 924 2320 Ι,
946 2300 970 2321 p.
987 2294 1002 2314 :5
1022 2301 1026 2314 ι
1054 2293 1184 2315 >liciacum
1210 2291 1370 2315 concedimus
1395 2296 1420 2315 et
1445 2291 1563 2321 quicquid
1590 2294 1627 2314 est
1651 2291 1703 2314 tlsci
1730 2291 1806 2313 nostri
1832 2291 1898 2313 intra

276 2334 405 2355 munitium
426 2334 505 2356 alveo<
525 2346 556 2349 —
578 2334 630 2355 sive
650 2334 713 2355 iufra
734 2335 785 2356 <ive
804 2338 874 2357 extra
895 2335 1001 2363 Ligerim
1022 2339 1046 2358 et
1068 2336 1220 2363 Ligerinum.

363 2478 368 2500 1
395 2484 551 2508 praeparetur
572 2479 601 2506 ’,Ἰ
730 2480 744 2501 :5
766 2480 867 2502 seientia
889 2479 910 2501 1¹
1037 2479 1049 2501 ῗ
1071 2479 1181 2503 monchis
1201 2480 1347 2510 pernotabat
1368 2479 1388 2507 1,)
1511 2479 1525 2502 S
1546 2479 1604 2502 dum
1628 2481 1648 2506 υ
1771 2478 1857 2501 nolens
1878 2477 1899 2505 U

279 2521 305 2542 1¹¹
325 2526 431 2550 varperet
454 2522 608 2544 intellectum
631 2521 651 2544 1¹
775 2521 798 2545 ll
823 2520 937 2554 nileffus]
956 2522 1081 2545 carileffus
1100 2524 1162 2546 coni,
1180 2522 1260 2546 Labbe
1376 2520 1452 2554 uelle]
1472 2529 1518 2545 om.
1539 2520 1558 2550 Ο
1684 2520 1712 2544 12
1732 2518 1842 2552 auitum]
1860 2520 1895 2549 cs.

278 2566 346 2590 ἰνεςι.
372 2563 429 2586 Zur.
455 2565 494 2587 tit.
517 2565 589 2592 (mnf.
612 2573 632 2587 e.
655 2566 686 2587 97
801 2565 829 2588 13
849 2566 913 2588 situs
932 2568 969 2588 est
990 2564 1010 2592 O
1115 2565 1239 2594 ligeritum
1260 2564 1280 2593 Q
1385 2565 1451 2588 dulci
1470 2579 1503 2582 —
1527 2564 1555 2588 14
1575 2562 1673 2596 diceus]
1692 2571 1738 2587 om.
1756 2564 1785 2593 Q,
1807 2564 1841 2586 ait
1861 2564 1897 2587 illi

277 2613 389 2633 arrum.
409 2606 445 2633 ¹32¹
563 2607 592 2630 10'.
613 2605 698 2639 malos]
719 2607 744 2632 Ρ,
767 2608 843 2630 bonos
868 2607 901 2637 [Q.
1025 2608 1053 2631 17
1074 2614 1160 2631 moneo
1180 2606 1224 2640 ne]
1244 2608 1272 2638 P,
1294 2614 1324 2631 ne
1345 2607 1384 2637 0¹.
1407 2614 1494 2631 moneo
1513 2615 1573 2632 corr.
1594 2607 1624 2636 0¹
1732 2606 1762 2631 19
1782 2607 1897 2630 blandie-

276 2649 363 2670 ·1.·:uiis
387 2649 415 2675 ’,Η
523 2650 624 2672 miseros
647 2650 674 2678 οἳ
792 2650 822 2673 20
843 2649 1004 2682 praeponere]
1024 2658 1071 2674 om.
1089 2650 1108 2678 Ο
1222 2650 1254 2674 25
1273 2651 1413 2681 aliquandio
1436 2650 1457 2673 P
1569 2649 1601 2674 20
1620 2650 1822 2680 preueniensque
1842 2648 1862 2677 Ο

277 2692 413 2718 praeratum
437 2695 456 2718 ζ’
572 2692 602 2714 ’Ξῖ
623 2693 694 2721 longo
714 2697 821 2721 tempore
843 2693 933 2716 ibidem
956 2693 975 2721 0
1090 2693 1174 2716 eodem
1197 2692 1216 2721 Ο
1333 2693 1365 2717 29
1385 2691 1442 2725 uix]
1460 2700 1506 2717 om.
1525 2693 1546 2716 P
1657 2692 1689 2716 30
1709 2692 1801 2721 hylario
1820 2692 1850 2722 Ρ,
1872 2693 1897 2714 ul

276 2733 342 2758 wsm
465 2734 495 2757 ἐν]
517 2734 667 2767 praedictus]
687 2742 732 2758 oni.
755 2735 791 2757 ⁴1'1
916 2734 981 2767 esse]
1000 2744 1047 2759 oni.
1064 2736 1084 2763 Q
1216 2736 1247 2759 33
1267 2734 1384 2768 hilarius]
1403 2743 1449 2759 om.
1468 2735 1488 2764 O
1612 2736 1643 2760 34
1664 2732 1746 2767 illum]
1765 2741 1821 2758 eum
1843 2733 1863 2762 Ο

277 2776 387 2803 tritonis.
408 2783 441 2797 «ιιι
472 2780 491 2802 ¹!
597 2776 621 2807 ”l
643 2776 694 2804 1¹¹st
800 2778 830 2798 :lti
850 2777 910 2809 que]
929 2785 977 2801 om.
995 2782 1015 2806 ‘J
1121 2779 1150 2802 a?
1172 2786 1227 2802 eum
1248 2786 1276 2801 eo
1296 2780 1381 2802 morati
1403 2782 1513 2808 tempore
1534 2778 1554 2806 O

1923 707 1950 726 to

1922 963 1950 981 15

1919 1219 1950 1239 20

1919 1733 1949 1752 :10

1919 1990 1949 2008 :45
