2038 3036
743 107 834 134 VITA
854 108 967 135 BEA'rI
987 109 1170 136 MAVRILII.
1726 116 1764 143 δῖ)

149 201 303 241 speriam,
341 199 497 231 communi
523 204 605 231 sorte
630 206 821 240 praeventus
846 202 1003 233 hominem
1033 203 1139 234 exivit.
1188 204 1354 235 Maurilius
1385 215 1458 235 vero
1490 205 1674 235 verissimus
1703 206 1766 236 iam

149 251 329 291 evangelici
353 251 453 282 cultor
475 251 638 291 praecepti
662 251 812 283 dicentis:
843 255 902 289 (mi
926 255 1080 293 reliquerit
1102 260 1220 294 [mtrem
1244 260 1295 285 <oct
1321 261 1445 286 matrem
1470 261 1522 286 (eut
1538 267 1628 296 (tyros
1643 262 1768 296 propter

149 313 193 331 mc
217 304 385 341 centuplum
411 303 535 341 accipiet
558 307 583 331 e!
610 304 698 331 vitum
724 308 876 333 ueternum
901 305 1071 343 [mss-[debit.
1099 305 1209 336 relicta
1232 310 1331 337 matre
1355 306 1555 346 omniumque
1572 316 1675 337 rerum
1692 317 1767 338 sua—

148 363 216 383 rum
248 353 422 394 cupiditate
452 352 610 391 habendi7
646 353 703 383 sub
727 353 851 384 Iuliano
882 358 956 386 tunc
984 366 1113 387 caesare
1137 357 1323 395 Martinuni7
1357 357 1445 388 cuius
1469 358 1568 398 primo
1592 358 1768 398 profecerat

117 414 127 431 ⁵
147 404 367 435 instrumentis
399 403 551 443 cuiusque
583 403 715 434 virtutes
746 414 802 444 per
832 408 930 436 totum
961 416 1059 446 prope
1083 408 1293 438 Romanorum
1325 408 1571 448 divulgabantur
1601 409 1767 449 imperium

98 668 125 686 10

98 922 125 941 15

96 1178 125 1196 21)

148 454 266 494 quique
299 455 484 494 cogentibus
515 454 641 495 populis
665 455 855 486 Turonicam
888 456 919 487 in
944 457 1052 488 Grallia
1082 458 1144 488 iam
1175 458 1307 497 regebat
1330 459 1546 500 metropolim7
1583 460 1715 500 expetiit
1738 464 1769 491 ct

147 509 211 536 tani
242 505 296 536 diu
327 515 396 536 cum
427 505 539 536 eodem
569 509 779 537 commoratus
809 510 857 537 est
889 507 1005 538 divinis
1030 517 1154 548 semper
1177 512 1348 549 occupatus
1372 509 1496 548 offitiis.
1530 510 1603 540 dum
1628 515 1767 542 caeteros

148 556 383 587 ecclesiasticos
407 556 527 596 gradus
550 557 750 596 gratiamque
775 557 944 589 sacerdotii
960 558 1079 589 invitus
1097 559 1230 590 Mai-tino
1247 564 1379 599 cogente
1397 561 1581 601 susciperet.
1635 564 1670 600 A.
1702 562 1768 593 Ad-

147 611 221 647 epto
251 617 387 647 namque
419 607 587 638 sacerdotii
611 607 728 638 honore
751 608 899 639 artiorem
923 619 1017 648 quam
1042 609 1123 640 inter
1146 610 1317 641 monachos
1342 611 1471 642 duceret
1494 611 1632 651 diligens
1657 612 1764 651 vitani,

147 661 181 688 ut
204 658 290 689 solus
315 658 416 689 solum
440 658 572 689 liberius
597 658 758 689 dominum
783 659 872 699 sequi
895 660 1027 699 valeret⁷
1055 660 1182 691 Martini
1206 661 1376 692 admodum
1401 662 1551 693 doctrinis
1575 663 1717 693 eruditus
1738 667 1768 694 et

146 718 248 748 aeque
270 709 545 740 benedictionibus
569 709 744 748 roboratus⁷
772 719 805 740 se
830 719 863 741 se
887 710 1023 742 invicem
1047 712 1228 742 osculantes
1252 715 1282 743 et
1300 713 1432 743 multum
1449 712 1569 750 fientes.
1599 714 1638 743 ab
1656 714 1766 745 eodem

145 759 214 799 ipso
238 760 365 791 nolente
389 759 547 791 discessit.

237 812 275 850 (5)
311 811 474 842 Pretiosus
504 811 641 850 denique
672 811 724 842 dei
756 811 906 843 sacerdos
937 812 1102 843 Maurilius
1133 813 1269 843 Turonis
1300 823 1466 853 egressus⁷
1506 824 1566 853 quo
1597 815 1768 846 solitariam

146 871 241 901 quam
265 862 370 902 potius
394 862 552 901 diligebat
575 862 601 893 si
627 866 733 902 posset
756 863 817 893 sibi
842 863 938 894 vitam
962 863 1105 903 eligeret.
1133 864 1374 895 Andecavorum
1391 874 1563 904 aggressus
1580 869 1628 896 est
1646 866 1763 896 urbem.

152 914 190 952 16)
217 912 362 944 Audiens
392 916 498 944 autem
528 913 615 944 haud
646 913 740 953 longe
770 914 810 944 ab
841 914 912 954 ipsa
943 924 1038 954 super
1061 914 1200 954 Ligerim
1231 914 1362 945 fluvium
1392 914 1425 945 in
1456 915 1535 945 villa
1558 915 1695 954 quadani
1719 917 1768 947 cui

146 963 253 1004 prisca
276 967 419 995 vetustas
442 964 606 996 Calonnae
629 974 743 995 nomen
767 964 929 996 indiderat
952 964 1058 995 fanum
1084 965 1150 996 fore
1174 965 1428 1005 antiquissimum
1453 965 1589 997 diversis
1612 966 1768 997 idolorum

146 1014 277 1046 culturis
307 1014 506 1053 dedicatum.
543 1016 587 1047 uti
619 1015 729 1046 maiori
759 1016 826 1047 illic
850 1016 967 1047 iniuria
991 1020 1189 1055 quateretur,
1225 1020 1256 1047 et
1279 1017 1372 1047 simul
1396 1017 1559 1056 animans,
1594 1021 1628 1048 ut
1650 1018 1763 1058 ipsum,

145 1065 221 1105 quia
245 1076 307 1097 non
324 1076 427 1106 pauca
442 1067 487 1098 ibi
503 1067 684 1107 vulgarium
701 1067 884 1107 superstitio
902 1067 1095 1105 servabatur.
1125 1070 1290 1106 everteret7
1318 1067 1436 1099 ibidem
1453 1068 1595 1099 advenit.
1649 1070 1684 1107 1,,’7Ῑ
1714 1069 1768 1100 Vi-

145 1116 224 1148 dens
249 1127 334 1157 ergo7
362 1117 437 1157 quia
458 1118 521 1149 nisi
544 1118 644 1149 Virtus
667 1117 747 1148 illud
771 1117 880 1149 divina
904 1118 1052 1156 dirueret⁷
1080 1128 1117 1149 eo
1140 1118 1225 1157 quod
1247 1118 1436 1158 dignitatem
1461 1119 1520 1150 loci
1543 1120 1680 1157 tenebat,
1708 1121 1768 1151 hu-

147 1177 242 1198 mana
266 1178 327 1199 non
351 1172 459 1208 posset
481 1179 579 1200 manu
603 1169 731 1207 divelli,
759 1172 825 1200 tota
849 1169 891 1200 ad
915 1169 1076 1200 dominum
1101 1173 1205 1200 niente
1230 1179 1400 1201 conversus
1424 1170 1563 1210 expetiit,
1592 1174 1625 1201 ut
1648 1171 1701 1210 qui
1725 1171 1768 1202 ad

144 1219 329 1259 petitionem
360 1220 518 1259 quondam
544 1220 657 1251 Heliae
682 1220 857 1260 prophetae
881 1220 988 1260 ignem
1013 1220 1052 1251 de
1076 1221 1204 1251 sublimi
1229 1221 1393 1261 deposuit7
1427 1221 1480 1260 qui
1504 1221 1651 1252 infideles
1675 1222 1767 1261 quin-

145 1279 310 1309 quagenos
332 1270 433 1311 primo
457 1281 495 1302 ac
520 1271 659 1302 secundo
684 1271 824 1309 exussit,
859 1272 928 1312 ipse
953 1272 1062 1302 tanum
1087 1271 1263 1303 daemoniis
1286 1276 1520 1309 consecratum,
1557 1272 1609 1303 ubi
1633 1272 1767 1303 (liversis

145 1321 305 1352 erroribus
329 1326 451 1353 mentes
468 1322 700 1354 fraudabantur
715 1322 887 1361 humanae,
914 1322 998 1362 quod
1014 1323 1070 1353 ille
1086 1333 1148 1354 non
1165 1326 1289 1363 poterat
1303 1323 1372 1363 ipse
1389 1322 1576 1354 destrueret.
1631 1324 1666 1362 ’,81
1695 1324 1767 1354 Mox

145 1381 219 1403 vero
244 1372 371 1404 (livinus
395 1373 480 1413 ignis
504 1383 520 1404 e
545 1374 634 1404 caelo
658 1373 809 1405 dimissus
833 1373 983 1414 quicquid
1008 1374 1246 1404 simulacrorum
1271 1377 1301 1404 et
1323 1374 1531 1405 inmunditiae
1554 1374 1671 1405 ibidem
1696 1385 1768 1414 rep-

96 1435 124 1452 25
145 1423 228 1463 perit
252 1424 310 1454 sub
334 1424 483 1455 momenti
504 1425 583 1455 hora
600 1424 805 1465 consumpsit.
847 1425 1020 1455 Eliminata
1036 1425 1133 1464 igitur
1149 1424 1232 1455 omni
1250 1424 1401 1465 spurcitia
1416 1425 1633 1456 honorabilem
1651 1425 1768 1456 Christi

144 1474 190 1505 ibi
221 1474 368 1506 fundavit
398 1475 566 1506 ecclesiam
598 1479 629 1506 et
651 1479 685 1506 ut
708 1475 912 1507 dedicaretur
935 1476 1068 1507 obtinuit
1092 1476 1258 1516 ipsamque
1281 1475 1480 1516 postmodum
1504 1476 1569 1507 fore
1592 1476 1695 1507 vicum
1718 1477 1768 1507 in-

146 1525 257 1556 stituit.
312 1528 348 1565 Χ9)
377 1526 425 1557 Ibi
458 1526 541 1557 enim
567 1526 616 1557 bis
640 1536 732 1558 senos
756 1526 878 1567 degens
903 1537 958 1566 per
981 1537 1080 1557 annos
1104 1527 1214 1557 multis
1238 1536 1272 1557 se
1295 1527 1422 1558 ieiuniis
1448 1531 1478 1558 et
1501 1527 1693 1557 orationibus
1717 1537 1767 1558 se-

146 1576 221 1608 dule
254 1576 380 1608 domino
408 1577 621 1618 mancipabat.
671 1578 814 1615 Quantas
839 1578 991 1618 qualesve
1014 1578 1132 1609 ibidem
1158 1577 1302 1608 dominus
1326 1587 1382 1618 per
1405 1578 1509 1618 ipsum
1534 1578 1665 1609 virtutes
1689 1588 1768 1617 ope-

146 1631 234 1658 ratus
259 1628 307 1665 sit,
336 1638 398 1659 non
422 1632 471 1660 est
493 1632 620 1660 nostrae
643 1628 805 1660 facultatis
829 1629 986 1666 evolvere,
1014 1639 1087 1659 nam
1111 1632 1263 1668 quantum
1287 1628 1318 1658 in
1341 1628 1411 1668 ipso
1436 1628 1494 1659 fuit
1510 1638 1618 1660 omnes
1635 1628 1767 1660 virtutes

233 1713 247 1736 2
267 1714 355 1737 1131111.
380 1714 417 1743 111,
440 1714 480 1737 29.
591 1715 619 1738 21
642 1715 685 1738 IV.
707 1716 767 1744 neg.
792 1715 812 1738 1.
838 1715 875 1737 io.
901 1714 940 1738 12.

145 1845 209 1864 trem
237 1842 397 1871 superstitem
422 1842 524 1872 reliquit
545 1850 600 1865 cum
619 1843 782 1866 facultatibus
802 1844 926 1866 universis
945 1850 1006 1872 quas
1025 1843 1051 1865 111
1070 1842 1296 1866 Mediolanensium
1317 1843 1376 1865 urbe
1395 1842 1539 1872 possederat
1558 1842 1624 1865 1111118
1644 1843 1766 1865 natalibus

145 1885 218 1907 claris
239 1886 319 1907 fuerat
338 1885 468 1908 oriundus.

231 1927 247 1950 4
269 1926 435 1956 Muynoboclus
455 1928 471 1951 l,
494 1928 528 1950 1..·
555 1928 646 1951 Beatus
671 1928 748 1956 igitur
766 1927 898 1951 Mani-ilius
922 1929 968 1951 sub
987 1928 1084 1950 Iuliano
1108 1934 1205 1950 caesare
1230 1930 1352 1950 terrenam
1378 1928 1482 1957 patriam
1509 1934 1551 1957 pro
1571 1927 1660 1950 Christi
1687 1935 1766 1951 amore

145 1970 288 1999 despiciens
309 1970 410 1993 humilis
429 1971 489 1993 exul
510 1971 535 1992 in
556 1970 648 1993 Gallias
667 1970 818 1993 adventavit.

232 2012 299 2036 4—s
319 2012 488 2042 Muynobodus
507 2014 524 2036 l.
546 2014 581 2036 l..=
606 2013 693 2042 ltaque
716 2014 815 2035 beatum
836 2013 970 2036 Martinum
996 2013 1161 2035 clarissimum
1187 2013 1236 2034 iam
1262 2016 1321 2035 tunc
1339 2012 1475 2034 Turonicae
1495 2013 1602 2035 civitatis
1622 2013 1765 2042 episcopum

146 2056 264 2085 expetiit,
287 2056 330 2085 11111
350 2063 407 2078 811111
426 2058 553 2084 gratanter
573 2056 713 2085 suscipiens
732 2056 913 2078 subdiaconum
932 2059 957 2078 et
976 2055 1107 2078 diaeonum
1126 2055 1257 2078 ordinavit.

235 2097 332 2121 11-13
354 2098 522 2127 Maynobodus
542 2099 558 2121 l.
576 2099 611 2121 l..·
632 2098 718 2127 Itaque
738 2105 763 2120 se
783 2099 889 2120 invicem
909 2098 1047 2121 osculantes
1066 2102 1091 2120 et
1111 2098 1200 2120 maesti
1220 2098 1324 2120 multum
1344 2098 1374 2120 ab
1394 2104 1420 2119 se
1436 2104 1462 2119 se
1483 2097 1586 2125 digressi
1605 2100 1664 2120 sunt
1683 2101 1708 2120 et
1726 2098 1767 2120 ille

146 2141 290 2164 solitudinis
310 2141 488 2164 habitationem
507 2142 616 2164 maxime
636 2141 779 2163 desiderans
797 2141 859 2163 abiit
879 2141 943 2163 viam
964 2148 1042 2163 suam.

234 2183 333 2206 15—is
353 2183 520 2213 Maynobodus
540 2192 559 2207 c.
580 2183 610 2206 2.-
637 2184 749 2206 Andiens
769 2184 808 2205 vir
826 2184 866 2205 dei
886 2183 1027 2210 Maurilius,
1049 2183 1112 2212 quod
1133 2184 1218 2205 sanum
1239 2186 1305 2205 esset
1323 2183 1525 2212 antiquissimum
1545 2183 1570 2204 in
1590 2183 1712 2205 territorio
1731 2184 1766 2206 ci-

145 2227 233 2250 vitatis
252 2227 399 2250 Andecavae
419 2227 469 2249 loco
489 2227 532 2256 qui
551 2227 691 2249 nominatur
710 2226 817 2248 Calonna
836 2233 911 2255 super
932 2226 992 2248 litus
1013 2226 1118 2255 Ligeris,
1144 2226 1226 2254 ipsum
1252 2226 1347 2248 sortiter
1373 2228 1562 2255 expugnaturus
1586 2225 1767 2248 incredulitatis

146 2269 259 2292 fomitem
278 2269 339 2292 illuc
359 2272 500 2292 constanter
519 2269 630 2291 advenit.

233 2311 333 2335 20—25
354 2311 521 2341 Maynobodus
540 2312 555 2335 l.
579 2312 614 2334 l.:
643 2312 681 2333 Ibi
709 2314 765 2341 post
791 2312 897 2334 multam
924 2310 1112 2340 praedicationis
1138 2314 1163 2332 et
1187 2311 1395 2332 abstinentiarum
1422 2311 1566 2332 instantiam
1590 2312 1686 2332 tanturn
1713 2310 1767 2333 eius

146 2355 312 2383 magnanimis
336 2355 413 2378 oratio
437 2355 549 2378 obtinuit
574 2363 587 2377 a
612 2355 724 2382 domino.
751 2357 780 2376 ut
802 2355 867 2382 ignis
893 2354 922 2376 de
947 2354 1012 2376 caelo
1031 2354 1162 2376 manifeste
1181 2354 1266 2382 lapsus
1285 2353 1407 2382 tempium
1427 2353 1491 2375 illud
1511 2360 1566 2375 cnm
1586 2353 1695 2375 delubris
1716 2353 1767 2375 suis

145 2400 249 2427 repente
269 2400 365 2420 voraret
382 2397 412 2420 ad
432 2397 624 2420 similitudinem
644 2397 759 2420 videlicet
779 2397 894 2426 antiquae
914 2396 1014 2419 virtutis
1032 2397 1098 2418 beati
1112 2396 1182 2418 Eliae
1201 2396 1343 2425 prophetae,
1364 2402 1418 2418 euni
1439 2396 1517 2417 oratio
1537 2398 1620 2417 sancta
1639 2395 1669 2417 ad
1687 2395 1767 2417 zelum

147 2440 187 2463 dei
206 2440 232 2462 in
251 2440 341 2469 impios
360 2439 528 2463 exercendum
548 2441 632 2468 ignem
653 2440 765 2462 divinum
785 2439 883 2462 demitti
904 2439 1008 2461 caelitus
1027 2439 1179 2467 impetravit.

233 2481 333 2505 25—27
355 2481 521 2510 Maynobodus
540 2483 556 2505 l.
580 2483 614 2505 ζ.;
640 2483 720 2511 Igitur
745 2482 863 2504 mundato
886 2482 1009 2504 divinitus
1033 2481 1083 2503 loco
1109 2481 1239 2503 ecclesiam
1259 2480 1351 2503 Christi
1370 2480 1463 2503 ibidem
1484 2480 1562 2502 tidelis
1582 2480 1689 2502 famulus
1708 2486 1767 2501 con-

148 2526 241 2548 struxit
260 2525 393 2554 vicumque
412 2525 531 2555 instituit⁷
554 2526 597 2548 ubi
617 2528 641 2547 et
659 2528 817 2548 conversatus
837 2528 875 2546 est
895 2531 973 2553 usque
993 2531 1040 2553 qno
1059 2530 1121 2546 onus
1141 2524 1298 2552 episcopatus
1317 2523 1420 2552 accepit.

235 2567 266 2591 28
285 2581 319 2584 -
335 2575 360 2596 p.
378 2567 417 2597 Sti,
440 2568 456 2591 l.
472 2568 487 2591 4
508 2567 675 2597 Maynoboclus
695 2568 710 2591 l.
732 2568 748 2590 L.
761 2576 767 2588 .-
793 2567 903 2594 Quantas
928 2570 1012 2589 autem
1038 2573 1068 2589 ex
1093 2569 1153 2589 tunc
1173 2566 1234 2587 inibi
1255 2566 1360 2588 virtutes
1379 2566 1494 2588 dominus
1513 2572 1557 2595 per
1575 2572 1632 2587 eum
1652 2568 1767 2594 operatus

237 2687 245 2710 l
269 2688 338 2710 exuit
360 2689 388 2714 (ι’,
408 2688 440 2717 cs.
462 2688 533 2717 infra
550 2696 576 2717 p.
593 2687 634 2717 ili,
656 2689 671 2710 L.
686 2687 700 2709 5
784 2686 797 2709 2
818 2690 861 2709 aut
880 2684 958 2717 agros]
978 2686 1019 2709 1181
1039 2693 1107 2713 agros
1130 2685 1173 2707 (iR
1264 2684 1292 2707 13
1312 2683 1431 2716 denique]
1451 2685 1534 2713 itaque
1554 2683 1575 2706 P
1663 2683 1690 2706 17
1713 2683 1783 2706 vul-¹

148 2731 215 2753 tibus
240 2730 275 2759 ''I'‘

1791 816 1823 846 ΙΙ
