2038 3036
343 160 404 190 256

410 2542 456 2565 xx
527 2542 551 2565 Σ
563 2541 583 2571 f.
599 2541 646 2566 5⁶¹*

936 154 1153 183 FORTVNA'I'I
1173 155 1274 183 CARM
1280 156 1315 184 ΙΝ
1321 156 1370 183 VM

1120 336 1182 368 XX

1044 405 1134 442 Item
1162 405 1258 443 aliud

676 491 832 523 sollicitat
856 490 1009 522 famulum
1034 489 1180 522 dominae
1204 501 1261 522 sua
1286 501 1360 523 eura
1384 492 1557 532 benignae.

761 542 898 583 qualiter
921 552 938 572 a
963 541 1052 573 vobis
1075 540 1160 574 laeta
1183 541 1224 574 sit
1246 545 1317 574 aeta
1341 542 1425 574 dies:

677 605 748 626 nani
773 593 846 625 duni
872 592 1000 634 plaudis
1023 602 1139 624 ovans.
1166 603 1237 625 inea
1261 597 1334 625 sunt
1356 597 1410 626 tua
1432 593 1550 635 gaudia
1574 594 1693 626 maius:

762 649 834 676 tunc
858 644 934 676 mihi
959 647 1032 676 vota
1056 644 1181 677 favent.
1209 645 1283 676 (luni
1307 645 1364 677 tibi
1390 645 1530 677 membra
1554 645 1673 687 vigent.

677 698 707 729 ni
732 697 803 728 vale
827 696 890 727 iam
914 695 1005 728 feeit.
1032 699 1154 737 spectet
1176 696 1258 728 bona
1282 700 1388 728 nostra
1411 707 1596 738 parumper,

762 758 820 779 nee
844 747 902 779 snb
926 750 1015 779 nocte
1039 747 1140 779 volet:
1169 751 1231 780 stet
1254 747 1402 780 veniente
1425 747 1489 780 (lie.

1110 901 1189 933 XXI

1042 971 1132 1008 Item
1160 971 1256 1008 aliud

674 1057 726 1088 Sic
750 1057 897 1088 hesterna
922 1056 991 1088 dies
1014 1059 1096 1087 totas
1120 1055 1197 1088 mihi
1221 1057 1382 1088 transtulit
1405 1056 1515 1089 horas.

759 1112 792 1139 ut
816 1107 927 1139 ruanis
951 1117 1059 1139 vocem
1083 1117 1144 1139 non
1168 1108 1324 1140 meruisse
1348 1118 1479 1149 querar:

673 1160 810 1200 qualiter
832 1169 936 1200 agnus
958 1169 1070 1191 amans
1094 1159 1264 1200 genetricis
1287 1160 1328 1191 ab
1352 1160 1450 1192 ubere
1474 1160 1586 1201 pulsus

758 1211 857 1243 tristis
880 1214 912 1243 et
934 1210 1080 1243 herbosis
1103 1211 1219 1242 anxins
1242 1215 1328 1243 errat
1349 1211 1436 1253 agris

687 1273 769 1295 nune
792 1262 874 1304 fugit
897 1262 939 1294 ad
962 1271 1092 1304 campos
1115 1261 1234 1294 t'en'ens
1256 1262 1418 1294 balatibus
1441 1272 1552 1294 auras.

757 1324 841 1346 nune
864 1313 947 1346 redit
968 1313 1011 1346 ad
1035 1314 1161 1345 caulas.
1188 1324 1247 1346 nee
1271 1314 1340 1346 sine
1363 1317 1464 1346 matre
1487 1314 1646 1354 placent).

672 1366 717 1398 sic
740 1376 790 1398 me
815 1365 854 1397 de
878 1365 992 1398 vestris
1015 1366 1179 1397 absentem
1204 1375 1340 1406 suggero
1364 1365 1488 1402 verbis;

757 1417 811 1449 vix
833 1420 920 1450 tenet
941 1417 1066 1449 incluso
1090 1427 1173 1448 nune
1197 1416 1309 1449 domus
1332 1427 1397 1449 una
1419 1417 1498 1449 loco.

671 1469 728 1502 sed
751 1468 854 1501 refero
878 1468 952 1500 hine
975 1471 1082 1509 grates
1106 1467 1252 1509 placidae
1276 1478 1434 1509 caraeque
1461 1469 1601 1509 ksororii,

756 1519 841 1560 quod
863 1529 915 1552 me
937 1519 1097 1551 consuluit
1120 1518 1160 1551 de
1183 1519 1311 1561 pietatis
1335 1530 1404 1561 ope.

670 1576 703 1604 tu
727 1571 845 1604 retines
867 1571 1026 1611 medium,
1053 1570 1193 1603 medium
1216 1581 1267 1603 me
1291 1571 1433 1612 possidet
1454 1571 1526 1603 illa:

757 1633 827 1655 eum
851 1622 997 1664 geminas
1019 1621 1131 1661 video,
1159 1626 1234 1654 tune
1257 1633 1317 1663 ego
1339 1626 1423 1655 totus
1446 1633 1519 1663 age.

670 1685 753 1707 nune
776 1675 849 1715 tibi⁷
877 1684 968 1714 cara,
996 1683 1105 1715 precor
1127 1673 1298 1714 Manium,
1326 1674 1468 1706 Hilarius
1492 1674 1635 1714 adstent,

757 1730 789 1758 et
809 1729 840 1758 te
863 1726 914 1758 vel
938 1729 1030 1758 natos
1054 1735 1127 1767 spes
1151 1729 1240 1767 tegat
1262 1736 1326 1757 una
1350 1725 1440 1758 deus.

1098 1879 1194 1911 XXII

1039 1948 1130 1986 Item
1158 1949 1255 1985 aliud

670 2035 704 2065 si
728 2044 850 2075 nequeo
874 2043 1045 2075 praesens,
1072 2034 1190 2066 absens
1213 2034 1270 2066 tibi
1294 2035 1383 2067 solvo
1405 2034 1573 2067 tributum.

756 2089 790 2117 ut
813 2085 923 2127 probet
945 2086 1110 2117 affectum-
1139 2089 1240 2117 mater
1262 2089 1386 2118 ainata⁴
1412 2096 1529 2118 meum.

671 2137 697 2168 si
721 2147 783 2168 non
806 2146 909 2168 essem
938 2137 1097 2177 [absensl⁷
1125 2136 1264 2169 facerem
1287 2137 1510 2179 quodcumque
1533 2137 1674 2170 iuberes:

756 2188 917 2229 obsequiis
940 2188 1048 2229 parvis
1072 2188 1152 2220 forte
1174 2188 1317 2230 placeret
1338 2189 1441 2221 iners:

671 2244 798 2282 pectore
821 2239 936 2272 devoto
959 2243 1009 2272 set
1031 2239 1147 2271 rustica
1171 2239 1283 2281 lingua
1306 2239 1448 2272 dedisset

758 2291 892 2333 pastoris
916 2291 1039 2323 calamo
1062 2291 1171 2323 matris
1194 2291 1226 2323 iu
1249 2301 1326 2323 aure
1349 2301 1478 2329 sonum;

671 2343 812 2384 imperiis
835 2342 995 2374 famulans
1018 2346 1153 2375 tererem
1176 2352 1249 2374 mea
1271 2342 1415 2374 membra
1437 2342 1576 2382 diurnis,

759 2393 915 2426 servirent
938 2393 1085 2426 dominae
1109 2393 1238 2426 subdita
1261 2393 1345 2426 eolla
1367 2403 1459 2432 suam

735 2541 744 2564 1
767 2539 824 2573 sun]
842 2540 900 2570 sort.
917 2542 958 2571 pia
1046 2541 1155 2570 benigne
1247 2541 1262 2564 ³
1281 2541 1340 2564 dum
1357 2538 1510 2573 Guerardus]
1528 2540 1623 2564 dudum

340 2586 403 2607 inter
423 2593 444 2607 υ.
467 2587 480 2607 -1
499 2587 521 2608 el
541 2586 556 2609 5
575 2584 749 2608 interciderunt
767 2592 850 2608 versus
870 2591 959 2608 nomen
977 2585 1028 2607 eius
1047 2585 1195 2608 continentes
1213 2585 1255 2614 qui
1274 2583 1449 2613 Radequndcm
1467 2585 1611 2607 convenerat

408 2628 467 2651 XXI
539 2627 563 2650 Σ
581 2627 602 2656 f.
624 2627 670 2651 56¹*
776 2627 785 2651 1
808 2627 925 2651 hesterna
947 2625 1101 2659 Guemrdus]
1120 2629 1203 2651 sterne
1291 2626 1429 2650 transtunit
1533 2625 1547 2650 4
1567 2626 1660 2649 erbosis
1679 2626 1784 2650 anexius

343 2670 380 2692 nit
466 2670 481 2692 ss
501 2671 579 2693 resero
592 2671 617 2694 b.
633 2673 714 2700 grates
728 2669 885 2703 Guerardus]
905 2671 970 2694 refer
981 2671 1006 2693 li.
1022 2670 1098 2700 gratis
1186 2670 1261 2693 sorori
1275 2669 1333 2693 add.
1349 2670 1491 2693 Guerardus
1590 2668 1620 2692 10
1639 2669 1761 2693 consoluit

340 2712 408 2734 diurn
429 2714 445 2735 i.
466 2720 485 2736 e.
507 2713 639 2736 dimidium

413 2755 483 2778 xxn
590 2756 613 2779 Σ
631 2756 651 2785 r.

344 2796 355 2819 7
377 2800 492 2820 terrerem

746 2713 860 2743 possedet
967 2712 996 2736 12
1015 2720 1073 2742 agor

1711 2541 1791 2564 maius
1803 2541 1837 2570 ef.
1853 2544 1877 2571 ⁹,
1893 2542 1924 2564 Η

1715 2582 1730 2606 5
1749 2581 1788 2616 ni]
1807 2585 1828 2608 si

673 2755 719 2780 56¹'
837 2756 845 2779 l
868 2763 965 2786 nequeo
987 2754 1141 2788 (iuer-ardua]
1160 2762 1255 2786 nequae
1369 2756 1383 2778 3
1403 2756 1492 2779 absens
1511 2755 1569 2779 add.
1587 2754 1729 2779 (iuerardm

1888 2625 1903 2650 8
1921 2629 1959 2650 ω-

1858 2668 1885 2693 11
1907 2675 1958 2692 me-

1841 2753 1857 2778 4
1877 2753 1960 2778 inhers
