2038 3036
98 665 125 683 10

98 919 125 938 15

94 1174 124 1193 ⁴2⁴¹

93 1686 123 1704 30

92 2196 123 2215 40

745 105 839 131 VITA
859 106 994 132 SANC'I'I
1014 106 1171 133 LEOBINI.
1725 112 1758 140 Sl

148 197 243 228 tificis
268 197 412 229 hilariter
435 197 605 228 continere.
634 199 691 228 sub
717 198 928 231 adtestatione
952 200 1035 231 omni
1060 201 1166 231 domui
1190 210 1266 231 suae
1291 202 1452 242 praecepit
1475 206 1606 232 mortem
1624 202 1764 234 defuncti

148 248 295 288 cuiquam
325 248 413 279 nullo
442 247 534 278 modo
565 248 720 288 paudere⁷
757 250 814 280 sed
843 251 917 289 quia
946 251 1013 282 sine
1046 252 1155 282 dolore
1186 262 1276 282 001110
1307 252 1421 283 amittit
1452 252 1535 291 quod
1565 263 1635 283 cum
1659 264 1764 284 amore

148 299 299 339 possidet⁷
327 299 382 330 diu
405 299 510 330 celare
534 308 595 329 non
619 300 730 340 potuit,
758 301 833 340 quia
856 301 984 333 interior
1009 302 1097 333 dolor
1113 302 1215 333 cordis
1233 303 1386 343 patefecit
1402 303 1587 334 exteriorem
1604 304 1763 335 tristitiam

148 350 298 390 corporis.
350 350 410 389 <8011
438 349 480 380 Vt
508 353 615 380 autem
647 354 774 382 sanctus
806 351 857 382 dei
888 357 1041 383 maestam
1073 353 1158 383 illius
1183 354 1294 384 (10111115
1319 354 1482 394 conspexit
1505 354 1674 393 familiam,
1710 355 1765 386 tri-

148 401 235 432 stitia
258 404 418 441 correptus
443 404 473 432 et
496 401 565 441 ipse
589 401 628 431 ab
653 406 810 441 apparatu
835 403 959 443 prandii
984 404 1188 443 aliquatenus
1212 415 1246 435 50
1270 404 1480 444 suspendens7
1508 405 1660 437 basilicae
1684 410 1764 437 tem-

147 452 234 492 plum
259 452 421 492 ingressus
445 461 482 482 ac
505 451 687 491 pavimento
711 462 841 493 corpore
866 458 1039 493 prostratus
1064 464 1132 485 011111
1158 455 1296 486 lacrimis
1320 455 1479 486 dominum
1497 456 1686 496 deprecatus
1703 461 1764 496 ests

146 506 181 534 ut
204 502 349 534 tristitiae
374 512 503 534 causam
527 512 589 541 qua
617 513 763 534 maerens
795 504 905 535 domus
936 505 1127 536 anxiabatur
1155 506 1215 536 sibi
1244 505 1410 537 ostendere
1442 506 1635 546 dignaretur.
1685 508 1765 539 Ora-

146 553 231 584 tione
269 554 397 594 expleta
436 557 470 584 ut
508 563 605 584 senex
641 554 777 584 surrexit
812 554 850 585 de
886 555 1034 595 pulvere.
1077 556 1183 596 puella
1220 556 1374 587 exanimis
1410 558 1545 588 surrexit
1579 558 1618 588 de
1653 562 1760 589 morte.

152 606 211 644 (Sl)
240 605 328 635 Tunc
359 605 422 635 iam
453 604 554 635 dictus
586 603 788 635 Baudolevus
821 605 982 637 admirans
1014 609 1120 637 tantae
1152 606 1275 638 virtutis
1308 608 1546 638 excellentiam.
1582 618 1649 638 cum
1681 609 1765 640 omni

148 654 260 686 domus
292 665 368 686 suae
400 654 523 685 familia
553 654 688 694 pedibus
722 656 822 686 sancti
847 660 1021 696 prostratus
1046 657 1150 688 omnia
1174 668 1255 697 quae
1281 658 1363 688 facta
1387 658 1510 689 fucrant
1534 659 1693 691 humiliter
1715 660 1765 691 in·-

147 706 274 743 (11011111,
302 705 385 737 unde
410 709 441 737 et
463 706 626 737 inmensas
651 706 680 737 ci
704 707 824 746 gratias
849 718 867 737 a
892 707 976 738 luctu
1001 707 1032 738 in
1056 708 1209 738 laetitiam
1234 709 1351 739 retulit.

237 758 295 797 182)
325 757 456 788 Dicatur
483 760 514 787 et
536 756 617 787 illud
641 757 806 788 mirificum
830 758 913 797 quod
938 762 1065 789 sanctus
1089 758 1140 790 dei
1164 759 1227 789 iam
1251 759 1431 790 infirmitate
1456 760 1601 791 detentus
1625 762 1761 801 patravit
1785 761 1876 792 XXV

146 808 344 839 miraculum.
393 808 461 838 Hac
485 807 592 846 itaque
616 817 687 838 cum
713 812 899 847 urgueretur
921 808 1120 847 infirmitateJ
1149 809 1210 840 duo
1235 810 1357 849 pueruli
1383 810 1481 841 hostis
1506 811 1671 842 vexatione
1695 812 1765 851 agi—

145 860 212 896 tati.
240 859 308 890 eius
332 858 476 899 vestigiis
508 868 542 889 se
573 862 807 899 prosternentes
838 859 941 890 cibum
973 860 1026 898 qui
1059 860 1118 890 sibi
1150 864 1221 900 post
1245 870 1332 891 esum
1357 866 1553 892 remanserat
1575 872 1643 892 cum
1669 863 1765 893 bene—

147 910 283 942 dictione
314 909 478 950 percipere
509 914 702 940 meruerunt.
752 910 820 947 Quo
852 913 982 941 curante
1014 910 1223 942 medicamine
1256 915 1389 950 uterque
1420 911 1513 942 rediit
1536 912 1701 943 incolumis
1725 913 1765 944 ad

146 961 283 1002 propria.
337 962 396 1000 (83²1
425 960 567 1000 Cumque
599 961 710 992 beatus
735 961 894 992 Leobinus
924 971 981 1001 per
1012 965 1132 1002 septem
1165 972 1263 993 annos
1288 962 1469 993 continuata
1491 963 1672 995 infirmitate
1696 964 1766 1003 agi-

146 1016 265 1044 taretur
295 1012 411 1043 divinis
435 1011 559 1043 actibus
583 1011 616 1042 in
640 1012 765 1043 eaelum
789 1012 927 1043 intentus
952 1015 983 1043 et
1006 1012 1228 1043 miraculorum
1253 1013 1424 1044 honoratus
1448 1014 1639 1054 insignibus.
1675 1016 1765 1054 quasi

146 1073 260 1104 sopore
292 1063 466 1099 dormiens7
503 1063 653 1103 praemiis
677 1063 928 1094 remunerandus
952 1063 1083 1104 opimis.
1118 1067 1151 1094 ut
1175 1064 1280 1095 fidelis
1304 1075 1414 1096 servus
1438 1066 1589 1096 talentum
1615 1066 1674 1097 sibi
1699 1076 1765 1097 cre-

147 1114 247 1146 ditum
280 1113 475 1155 duplicatum
505 1117 685 1154 reportans.
720 1115 752 1145 in
784 1114 936 1155 gaudium
968 1114 1086 1145 domini
1118 1115 1165 1145 sui
1195 1115 1367 1147 intraturus
1391 1116 1514 1155 angelis
1539 1116 1765 1157 plaudentibus

146 1165 282 1197 feliciter
304 1164 454 1204 migravit
477 1164 518 1195 ad
542 1165 659 1196 caelos.

236 1218 294 1255 (84)
323 1216 383 1253 Qui
407 1220 512 1247 tamen
535 1219 705 1256 antequam
730 1217 912 1257 sepulturae
937 1216 1121 1255 traderetur,
1149 1221 1285 1256 quantae
1310 1218 1433 1248 virtutis
1451 1218 1545 1249 fuerit
1562 1219 1663 1257 vivus,
1692 1229 1764 1259 pro-

146 1267 225 1299 didit
254 1270 406 1298 mortuus.
454 1267 600 1307 Denique
631 1278 700 1299 cum
728 1268 760 1298 in
784 1267 951 1299 basilicam
976 1267 1077 1298 sancti
1101 1268 1227 1298 Martini
1250 1268 1282 1298 in
1306 1268 1420 1299 feretro
1445 1268 1566 1308 positus
1590 1273 1766 1309 portaretur

144 1318 335 1354 humandus.
362 1318 490 1358 quidam
515 1318 554 1349 (10
579 1319 852 1350 circumstantibus
877 1318 950 1349 dum
976 1318 1066 1358 virg-a
1088 1319 1261 1358 gestatoria
1286 1320 1494 1359 frequentiam
1519 1320 1627 1360 populi
1651 1321 1764 1351 irrum—

145 1369 250 1410 pentis
274 1369 465 1410 prohiberet,
493 1370 624 1410 contigit
647 1373 681 1401 ut
704 1380 827 1401 cruceni
853 1380 922 1401 eum
947 1369 1148 1410 lampadibus
1172 1370 1241 1401 0100
1261 1370 1364 1411 11101115
1382 1370 1572 1411 pendentem
1589 1371 1630 1401 ad
1648 1375 1763 1402 terram

94 1430 121 1448 ⁴.-
144 1424 367 1461 prosterneret.
421 1421 481 1461 (85)
510 1421 582 1451 Mox
606 1421 678 1461 ipsa
702 1431 793 1452 crux.
823 1421 967 1451 mirabile
991 1420 1094 1452 dictu!
1133 1420 1273 1452 funiculo
1297 1421 1380 1452 unde
1405 1421 1563 1453 ceciderat
1586 1432 1655 1453 cum
1681 1422 1765 1453 omni

144 1471 328 1511 integritate
359 1471 579 1513 lampadarum
611 1476 641 1503 et
672 1472 740 1503 sine
772 1472 833 1502 olei
865 1471 1052 1503 detrimento
1083 1472 1208 1502 nemine
1240 1472 1427 1504 sublevante
1459 1482 1529 1504 sese
1561 1473 1703 1503 innexuit
1735 1477 1765 1504 et

144 1533 331 1563 permanere
354 1523 387 1553 in
411 1523 510 1554 oculis
534 1523 671 1554 omnium
696 1527 730 1554 ut
754 1526 827 1554 ante
852 1526 1059 1554 consueverat
1083 1523 1199 1563 coepit„
1236 1526 1267 1553 et
1290 1523 1343 1554 ubi
1368 1524 1576 1554 credebantur
1599 1523 1763 1564 lampades

144 1574 321 1605 minutatim
353 1573 548 1612 confractae.
585 1584 643 1605 sua
673 1574 855 1613 integritate
889 1574 1011 1605 solidae
1042 1584 1100 1605 nec
1131 1574 1229 1605 ullam
1254 1574 1315 1605 olei
1338 1578 1459 1614 guttam
1484 1574 1692 1615 permiserunt
1716 1574 1765 1605 di-

145 1625 277 1656 stillare.
327 1625 380 1656 Sic
409 1625 584 1656 beatissimi
614 1625 672 1656 viri
705 1635 817 1666 0011105
847 1625 889 1656 11(1
920 1624 1048 1656 laudem
1072 1625 1192 1665 gloriae
1217 1635 1294 1656 suae
1319 1626 1445 1657 emicuit
1468 1626 1582 1656 virtute
1608 1625 1708 1656 crucis
1732 1625 1764 1656 in

145 1675 265 1707 funere.

246 1728 293 1763 So'ss
323 1726 349 1758 Ο
379 1726 643 1767 gloriosissimum
674 1727 794 1766 virum⁷
829 1727 917 1758 cuius
949 1728 1061 1758 merita
1090 1727 1171 1758 adeo
1195 1727 1363 1758 valuerunt
1385 1727 1471 1768 apud
1495 1727 1693 1758 crucifixum.
1731 1731 1763 1758 ut

144 1788 221 1809 crux
251 1787 333 1817 quae
363 1777 525 1809 ceciderat
555 1778 587 1808 in
617 1781 734 1809 terram
765 1778 833 1809 sine
857 1778 954 1809 ullius
979 1778 1173 1809 adminiculo
1197 1778 1237 1809 ad
1262 1778 1364 1809 1000111
1389 1778 1472 1809 unde
1496 1782 1602 1809 ruerat
1625 1782 1763 1809 reverte—

144 1832 229 1860 retur
258 1829 391 1860 illaesa!
434 1828 459 1860 O
490 1829 707 1860 venerabilem
732 1829 848 1860 Christi
876 1829 1057 1869 pontificem
1083 1829 1226 1860 custodia
1249 1829 1434 1869 angelorum
1458 1829 1574 1869 iugiter
1596 1829 1758 1860 munitum.

145 1879 234 1911 cuius
263 1880 379 1911 virtute
410 1889 468 1911 nec
499 1880 561 1910 olei
591 1880 692 1919 liquor
725 1879 874 1910 damnum
907 1890 964 1911 nec
989 1880 1056 1910 ulla
1079 1880 1205 1910 illarum
1231 1880 1450 1910 confractionis
1475 1880 1644 1911 sustineret
1668 1879 1764 1911 detri-

113 1942 124 1959 5
145 1933 302 1961 mentum!
350 1931 409 1970 (87)
438 1930 519 1961 Vere
549 1931 664 1962 etenim
696 1931 784 1961 illius
815 1930 960 1971 gaudens
991 1930 1098 1961 anima
1128 1931 1281 1971 gloriatur
1313 1930 1464 1962 felicitate
1487 1935 1618 1962 aeterna
1640 1931 1763 1962 habens

145 1982 327 2022 lampadem
356 1985 498 2013 sanctam
525 1982 801 2022 inextinguibilem
832 1982 1011 2021 lucernam,
1043 1981 1119 2022 quia
1150 1981 1217 2013 sine
1248 1981 1352 2013 laudis
1376 1982 1533 2013 humanae
1556 1992 1671 2023 pompa
1695 1982 1763 2013 eius

144 2043 258 2064 manus
288 2043 450 2073 nunquam
483 2033 621 2064 cessavit
651 2033 690 2064 ab
723 2043 818 2074 opere
850 2033 1100 2071 misericordiae,
1135 2033 1219 2072 quod
1243 2032 1400 2063 indicatur
1423 2033 1604 2064 huiusmodi
1628 2033 1758 2073 liquore.

143 2083 235 2115 Illius
265 2084 407 2125 potentia
436 2084 515 2115 haee
545 2084 631 2115 edita
662 2087 734 2115 sunt
763 2084 916 2115 miracula
946 2084 999 2124 qui
1027 2093 1084 2125 per
1115 2083 1216 2114 crucis
1246 2083 1410 2124 tropheum
1439 2094 1459 2114 a
1488 2088 1586 2115 morte
1610 2089 1764 2125 perpetua

144 2134 279 2166 redemit
308 2144 410 2175 genus
437 2134 609 2166 humanum
633 2138 664 2166 et
687 2145 706 2166 a
729 2135 869 2176 peccatis
892 2135 1078 2166 mundatum
1103 2135 1191 2166 dedit
1214 2134 1425 2166 conscendere
1450 2135 1583 2166 caelum.
1637 2136 1696 2175 <8501
1724 2135 1763 2166 Et

145 2185 292 2225 quoniam
322 2186 543 2226 gloriosissimi
572 2185 721 2217 antistitis
746 2185 875 2217 Leobini
906 2186 1070 2226 praeclara
1101 2185 1321 2216 miraculorum
1354 2186 1522 2226 praeconia
1546 2186 1584 2216 ob
1608 2195 1763 2216 veneran-

145 2236 217 2267 dam
241 2247 348 2268 annua
371 2237 538 2268 devotione
562 2237 746 2268 memoriam
770 2237 968 2268 narravimus
993 2236 1211 2275 recolendam,
1240 2236 1279 2268 de
1304 2236 1588 2268 innumerabilibus
1613 2237 1763 2268 videlicet

233 2339 261 2363 18
281 2339 369 2362 Matth.
391 2340 431 2369 25,
454 2340 494 2364 20.

234 2510 242 2532 1
265 2511 391 2533 continere
411 2510 521 2533 hilariter
541 2511 561 2538 Q
718 2508 842 2542 defuncti]
866 2510 908 2539 PQ
1066 2512 1079 2533 3
1100 2510 1241 2532 interiorem
1265 2508 1284 2530 P
1439 2508 1452 2530 5
1473 2507 1643 2541 aliquatenus]
1671 2516 1717 2531 om.
1742 2512 1761 2537 ρ

145 2553 158 2575 ἰ’
179 2560 227 2582 qua
246 2551 370 2584 maerens]
389 2553 418 2582 P,
439 2560 544 2584 querens
566 2553 611 2583 Οἱ,
632 2560 706 2583 quate
727 2552 765 2581 Οἳ
861 2552 874 2576 S
895 2554 1033 2575 resurrexit
1052 2553 1081 2575 de
1100 2555 1177 2575 morte
1198 2552 1218 2580 Q
1327 2551 1354 2573 13
1375 2552 1446 2580 pueri
1468 2551 1487 2578 O
1592 2550 1623 2574 2⁴)
1643 2550 1761 2583 feliciter]

143 2602 190 2618 om.
209 2594 228 2622 O
350 2595 381 2619 22
401 2597 507 2624 martyni
527 2595 547 2623 O
669 2595 700 2619 23
721 2597 815 2625 uirgam
835 2596 967 2625 gestatoria
987 2595 1006 2623 O
1122 2596 1283 2624 irrumpentis
1304 2595 1387 2624 populi
1409 2593 1447 2622 <Os
1573 2593 1604 2617 24
1624 2594 1652 2616 ad
1672 2596 1761 2616 terram

144 2638 295 2667 pendentem
316 2638 335 2665 O
457 2638 489 2661 29
508 2646 567 2661 suae
586 2639 676 2668 gloriae
699 2638 738 2669 (O)
865 2638 893 2661 31
915 2638 975 2661 adeo
995 2639 1082 2661 merita
1104 2637 1123 2664 0
1247 2636 1277 2660 32
1298 2637 1366 2660 illius
1387 2636 1406 2664 Q
1522 2637 1553 2659 34
1573 2637 1697 2659 sustinere
1719 2635 1759 2664 01.

145 2681 287 2704 sustinuere
310 2679 341 2708 02
516 2681 546 2704 35
565 2682 660 2704 animas
682 2681 711 2710 (ΙΙ
887 2681 918 2704 3ss
939 2680 1158 2709 inextinguibilem
1177 2677 1313 2711 lucernam]
1338 2686 1394 2702 cum
1415 2679 1602 2708 inextinguibili
1622 2679 1720 2702 lucerna
1742 2678 1761 2706 Q

144 2722 177 2746 33
196 2724 277 2746 edicta
297 2723 316 2751 O
421 2723 453 2747 39
472 2730 551 2753 genus
570 2724 673 2747 redemit
696 2724 733 2752 {Of
843 2724 874 2746 ⁴10
894 2721 1025 2754 antistitis]
1045 2730 1092 2746 om.
1109 2722 1129 2750 Q

222 2772 351 2792 Vanum-s
367 2773 522 2793 Fourvxsxrvs.
1526 2772 1550 2795 11

1787 1218 1893 1249 XXVI

1786 1727 1911 1757 XXVII
