2038 3036
333 115 392 146 XX
1024 111 1250 138 PROOEMIVM.

871 266 926 304 vl.
965 264 1074 304 VITA
1102 266 1138 304 S.
1169 264 1410 305 MARCELLI.

414 364 490 392 ('um
517 361 618 392 Vitam
644 359 785 390 Marcelli
811 359 1001 390 Fortunatus
1025 358 1112 389 iussu
1137 358 1288 390 Germani
1312 358 1502 390 Parisiorum
1527 359 1685 401 episcopi.
1721 360 1770 391 cni
1799 370 1869 392 eam
1893 360 1950 393 de-

327 421 454 452 «nemis,
481 420 658 461 scripserit.
693 423 765 450 ante
789 429 819 450 a.
847 420 917 454 576,
954 418 1028 449 Mai.
1056 419 1106 456 28,
1141 428 1202 458 quo
1225 418 1403 450 Germanus
1427 418 1518 458 obiit,
1553 429 1622 450 eam
1647 419 1853 461 compositam
1877 430 1948 453 esse

327 490 454 510 neci-sse
485 484 542 510 ost.
593 479 648 510 Vel
681 489 718 510 eo
746 483 886 518 tempore
917 481 1006 509 actus
1038 479 1072 508 S.
1098 477 1242 510 Marcelli
1276 480 1466 519 ‘temporum
1492 482 1650 511 vetustate
1674 479 1817 520 subrepti
1842 481 1947 512 eraut¹

325 545 418 579 atque
447 546 567 579 ‘pauca
591 539 630 570 ‹le
653 539 722 570 eius
746 538 846 578 gestis
870 537 1017 569 felicibus
1040 541 1130 569 erant
1152 537 1194 569 ad
1218 547 1257 570 ea
1280 541 1424 579 tempora
1448 538 1601 570 relatione
1624 539 1750 571 vivente
1767 539 1944 581 perdueta’.

328 599 428 630 Vitam
448 599 586 630 Mari-elli
608 599 797 630 Fortunatus
816 597 1005 637 liadegnndi
1021 597 1138 629 absens
1155 597 1250 630 misit.
1279 597 1328 629 liis
1345 598 1492 630 versibus
1508 598 1628 630 additis
1652 599 1746 630 tFort.
1767 599 1848 641 Opp.
1870 600 1893 639 1,
1918 603 1943 636 1,

326 669 356 699 p.
377 661 448 692 2⁸7,
477 659 557 699 App.
586 670 612 689 e.
634 658 737 697 xxll,
764 668 794 689 v.
819 660 886 698 15):

733 718 802 748 ltine
826 718 878 748 litu·
903 728 982 747 nunc
1005 717 1112 747 absens
1138 719 1277 748 Marcelli
1300 728 1427 748 nninera
1453 720 1531 757 misi,

817 771 867 800 cui
889 770 968 799 clerlit
992 770 1145 800 emcelsnm
1170 771 1232 799 rita
1258 769 1344 800 beata
1369 770 1474 809 locuni,

732 826 758 851 et
781 823 808 850 si
832 821 1012 860 displiceant
1037 821 1159 861 indispio
1184 820 1274 851 rerba
1301 821 1409 859 relatu,

818 873 1012 912 complaceant
1035 873 1136 902 animo
1159 873 1247 913 siqua
1270 882 1404 912 superna
1429 877 1489 903 tuo.

324 933 424 964 Etiam
449 933 621 973 Gregorius
645 932 676 964 in
701 932 788 963 Glor.
815 931 907 964 Conf.
934 942 961 963 e.
988 932 1027 962 87
1052 931 1102 962 liis
1127 931 1232 963 verbis
1256 931 1326 964 eins
1349 932 1541 964 mentionem
1566 932 1654 964 fecit:
1687 934 1851 964 Marcellus
1875 943 1945 964 vero

324 996 498 1023 l’arisiacae
523 994 606 1023 urbis
630 995 794 1033 ‹mist-opus,
823 994 876 1033 qui
897 993 1058 1033 quondam,
1085 996 1117 1022 ut
1142 993 1170 1021 in
1193 993 1257 1022 eius
1281 994 1342 1022 ‘vita
1367 994 1485 1033 leffl‘tur,
1513 998 1678 1033 serpentem
1704 995 1869 1024 inmensum
1893 994 1946 1024 hoc·

320 1054 438 1093 depellit
462 1054 499 1083 ah
523 1054 641 1094 oppido.
690 1052 848 1084 Libellum
877 1062 897 1083 a
919 1051 1119 1092 Radegunde
1150 1051 1182 1083 in
1213 1051 1406 1084 bibliotheca
1436 1053 1620 1085 monasterii
1645 1054 1678 1084 S.
1705 1053 1816 1085 Crucis
1838 1053 1944 1085 Pieta-

320 1113 438 1144 vicus-is
469 1113 656 1145 collocatum
687 1113 783 1154 paulo
814 1115 887 1154 post
909 1111 1110 1143 Baudonivia
1138 1111 1235 1151 legit,
1270 1116 1301 1144 et
1332 1122 1402 1144 cum
1435 1113 1628 1154 prooemium
1659 1117 1768 1145 ornato
1799 1123 1943 1145 sermone

318 1183 505 1214 componere
530 1173 599 1215 ipsa
621 1173 766 1212 nesciret,
795 1172 868 1204 inde
893 1172 1091 1214 potissimum
1116 1172 1280 1204 Fortunati
1310 1176 1508 1205 ‘sermonum
1531 1172 1638 1205 flores‘
1663 1172 1768 1206 furata
1790 1177 1854 1206 est:

575 1242 657 1273 l’rol.
684 1241 721 1273 V.
748 1241 891 1273 Marcelli

359 1303 428 1341 quin
451 1302 589 1332 lialientes
611 1303 693 1332 intra
715 1311 746 1332 se
763 1302 861 1342 fontes
881 1302 1066 1342 eloquentiae
1081 1301 1117 1331 tle

360 1355 421 1392 ipso
438 1355 514 1383 sicco
531 1354 655 1383 themate
671 1354 843 1384 didicerunt
861 1353 958 1383 undas
975 1353 1112 1383 haurire.

1400 1241 1483 1273 Prol.
1511 1240 1730 1274 Baudoniviae

1186 1303 1238 1341 qui
1266 1301 1406 1333 habentes
1439 1303 1519 1332 intra
1548 1312 1579 1332 se
1605 1302 1717 1342 sontem
1745 1303 1938 1343 eloquentiae,

363 1405 439 1434 l'nile
462 1405 607 1445 quidquid
631 1406 691 1435 illis
716 1406 884 1445 iniunyitur
907 1406 1043 1435 carmine
1067 1405 1112 1434 in-

359 1458 443 1495 riyno
467 1457 615 1496 copiosius
639 1457 825 1496 explicatur.
869 1457 974 1486 Verum
992 1460 1114 1486 econtra

357 1509 534 1548 quicumque
561 1512 707 1548 anyustac
731 1508 947 1548 intelleyentiae
970 1508 1114 1538 ariditate

357 1563 513 1589 torrentur
534 1570 585 1589 nec
601 1560 709 1590 liabent
725 1559 915 1600 affluentiam
934 1559 1113 1589 inundantis

355 1611 472 1650 eloquii.
499 1621 554 1650 per
577 1621 666 1651 quam
684 1612 730 1641 *rel
746 1612 822 1641 alios
840 1612 960 1651 reficere
976 1611 1022 1641 vel
1038 1620 1112 1641 suae

355 1663 496 1692 siccitatis
519 1664 634 1702 possint
658 1664 788 1702 inopiam
814 1667 1001 1702 temperare,
1037 1663 1111 1692 tales

356 1723 411 1742 non
431 1715 525 1743 solnm
543 1715 647 1754 aliqua
664 1724 721 1744 non
739 1714 806 1753 (non
821 1723 883 1745 om.
898 1713 933 1754 P)
947 1724 1004 1753 per
1020 1723 1051 1744 se
1064 1714 1111 1743 (li-

354 1775 420 1794 cere
443 1770 596 1805 appetunt,
627 1776 730 1795 rerum
754 1767 841 1796 etiam
866 1766 895 1795 si
915 1765 988 1805 quid
1004 1767 1045 1795 eis
1064 1766 1111 1795 in—

419 1818 550 1846 iunctum
571 1818 667 1856 luerit
687 1817 937 1857 perhorrescrmt7
972 1827 1046 1857 quo-

355 1869 434 1897 niam
467 1872 610 1907 (mantum
644 1869 736 1899 doctis
757 1869 899 1908 proloqui
921 1872 1035 1898 tantum
1061 1869 1109 1898 in-

353 1920 444 1948 doctis
474 1920 544 1949 utile
569 1921 602 1959 fit
631 1924 739 1950 tacere.
787 1921 863 1950 Nam
894 1921 940 1950 illi
966 1920 1002 1950 (le
1031 1930 1109 1959 par-

355 1972 398 1999 ris
416 1981 524 2010 mzrqna
542 1972 699 2009 disserere,
722 1973 772 2001 isli
787 1972 822 2001 (le
838 1972 956 2011 maspzis
973 1973 1109 2002 nesciunt

356 2022 400 2050 rel
421 2032 520 2061 parra
542 2023 701 2062 proferre,
736 2027 763 2052 et
787 2023 850 2052 ideo
873 2023 951 2062 quod
974 2023 1011 2052 ab
1036 2024 1108 2053 aliis

352 2075 510 2112 tpiaeritur
534 2074 570 2101 al}
595 2075 664 2104 aliis
686 2075 883 2113 formidatur.

1186 1405 1264 1435 vinde
1287 1405 1433 1445 quidquid
1457 1405 1517 1435 illis
1542 1405 1711 1446 iniunqitur
1734 1407 1871 1436 carmine
1896 1416 1942 1436 ir-

1184 1458 1270 1497 riquo
1294 1458 1442 1496 copiosius
1466 1457 1652 1496 coeplicatur.
1696 1458 1799 1487 Verum
1819 1462 1939 1488 econtra

1184 1509 1361 1549 quicumque
1409 1512 1556 1549 (tityustac
1607 1508 1822 1549 intelleyentiae
1870 1513 1941 1539 sunt

1365 1570 1418 1590 nec
1441 1559 1549 1590 liabent
1572 1560 1760 1600 affluentiam

1183 1612 1301 1651 eloquii,
1326 1621 1382 1651 per
1404 1621 1493 1652 quam
1512 1612 1558 1641 rel
1575 1612 1652 1641 alios
1669 1612 1789 1651 reficere
1804 1612 1851 1642 vel
1866 1621 1940 1642 suae

1182 1664 1326 1694 siccitatis
1347 1665 1465 1703 possint
1489 1664 1620 1702 inopiam
1644 1667 1827 1702 temperare,
1863 1664 1938 1693 tales

1300 1724 1358 1745 non
1383 1716 1479 1745 solum
1501 1724 1558 1754 per
1581 1724 1612 1744 se
1636 1714 1753 1754 aliquid
1775 1715 1824 1745 tli-

1181 1776 1248 1797 cerc
1271 1770 1423 1806 appetunt,
1452 1776 1555 1796 verum
1581 1766 1670 1796 etiam
1694 1767 1722 1796 si
1743 1766 1816 1806 quid
1831 1767 1873 1796 eis
1890 1767 1938 1796 in—

1181 1819 1312 1848 iunctum
1327 1818 1423 1858 fuerit
1435 1818 1666 1857 pertimescunt,
1692 1835 1733 1840 —
1748 1835 1790 1839 ——
1807 1835 1848 1839 --
1863 1827 1937 1858 quo-

1180 1870 1262 1899 niam
1295 1873 1442 1910 (sitantum
1472 1869 1564 1899 doctis
1585 1869 1726 1909 proloqui
1748 1873 1863 1899 tantum
1889 1870 1936 1899 in-

1179 1921 1272 1951 doctis
1290 1921 1360 1951 utile
1372 1922 1404 1960 fit
1417 1924 1526 1951 tacere.
1553 1922 1629 1950 Nam
1644 1921 1691 1951 illi
1701 1921 1800 1951 sciunt
1812 1921 1848 1950 tle
1857 1931 1937 1960 par-

1181 1973 1226 2002 z‘is
1244 1982 1355 2013 maqna
1371 1972 1531 2010 disserere,
1553 1973 1603 2002 isti
1617 1972 1652 2002 (le
1668 1973 1788 2012 maynis
1801 1973 1936 2002 nesciunt

1178 2024 1226 2054 vel
1246 2033 1347 2063 parra
1370 2023 1524 2063 proferre,
1559 2028 1586 2053 et
1615 2023 1678 2054 idco
1701 2023 1780 2064 quod
1802 2023 1839 2053 ab
1863 2024 1934 2053 aliis

1179 2076 1340 2115 quaeritur
1363 2074 1400 2104 ab
1424 2075 1494 2105 aliis
1515 2075 1712 2114 formidatur.

1458 2133 1601 2166 Marcelli
1624 2133 1722 2166 vitam
1746 2134 1930 2173 Tillemont,

309 2132 434 2163 Adiecit
457 2132 656 2165 Baudonivia
687 2133 790 2165 locum
815 2144 832 2165 e
856 2133 988 2175 prologo
1012 2134 1104 2167 Vitae
1128 2134 1242 2166 Hilarii
1265 2133 1410 2176 petitum.

309 2191 402 2223 Mem.
430 2192 461 2223 h.
488 2202 517 2224 e.
549 2194 649 2232 (1705)
678 2193 718 2231 X,
739 2195 800 2223 416
825 2197 857 2225 et
879 2197 1024 2226 auctores
1048 2194 1122 2226 hist.
1149 2194 1209 2226 litt.
1235 2194 1436 2235 Franeogall.
1468 2194 1572 2234 (1735)
1596 2194 1652 2233 ΠΙ,
1674 2195 1735 2225 483
1760 2194 1932 2226 Fortunato

309 2252 503 2284 Vercellensi
527 2253 752 2287 attribuerunt,
779 2257 891 2294 poetae
914 2263 985 2285 esse
1008 2258 1163 2295 negantes
1187 2258 1313 2296 propter
1334 2257 1483 2295 quattuor
1506 2264 1631 2293 causas,
1659 2253 1782 2286 scilieet
1803 2253 1928 2286 titulum

308 2314 475 2352 episcopum
501 2313 673 2344 Fortunato
697 2312 728 2343 in
752 2313 782 2343 M
805 2313 969 2347 additum.
1004 2314 1111 2346 stilum
1136 2314 1374 2355 simpliciorem⁷
1410 2314 1604 2346 Germanum
1628 2313 1750 2353 vivum,
1786 2313 1931 2355 Gregorii

308 2371 346 2402 ‹le
365 2372 535 2404 Fortunato
565 2376 692 2404 auctore
716 2373 886 2404 silentium.
929 2374 970 2405 At
993 2374 1110 2406 lemma
1127 2374 1229 2406 codici
1245 2374 1277 2405 M
1293 2378 1405 2416 postea
1420 2373 1579 2406 adiectum
1597 2377 1655 2406 est.
1697 2374 1807 2406 Sermo
1823 2377 1929 2405 autem

307 2435 369 2462 tam
394 2431 529 2473 simplex
552 2442 646 2472 quam
671 2432 702 2463 in
727 2433 858 2473 reliquis
874 2434 1038 2466 Fortunati
1054 2434 1181 2475 scriptis
1197 2433 1469 2475 hagiographicis.
1510 2433 1588 2465 Item
1606 2433 1732 2465 Martini
1743 2434 1777 2474 ³⁰)
1804 2443 1930 2474 quoque

307 2491 409 2522 Vitam
434 2492 593 2523 Germano
616 2492 688 2523 vivo
712 2493 903 2525 Fortunatus
926 2493 1038 2526 edidit.
1080 2494 1224 2535 Denique
1247 2494 1343 2527 etiam
1366 2494 1399 2525 in
1423 2493 1496 2525 Vita
1518 2493 1634 2525 Hilarii
1656 2492 1830 2534 Gregorius
1853 2502 1929 2525 aue—

306 2555 402 2581 torem
429 2552 632 2583 Fortunatam
664 2552 798 2584 reticuit.
846 2553 958 2593 Neque
985 2554 1101 2585 buchio
1125 2565 1155 2595 p.
1186 2555 1244 2585 129
1274 2556 1450 2586 ‘momenta
1473 2557 1504 2585 et
1527 2553 1728 2585 coniecturae
1751 2552 1832 2584 tanti
1854 2562 1926 2585 esse

307 2610 510 2650 videbuntur,
544 2613 750 2652 ‹piamobrem
779 2612 823 2644 ita
855 2622 889 2644 se
919 2613 1037 2645 habere
1070 2624 1134 2645 rem
1165 2613 1334 2646 iudiearet'
1365 2623 1467 2654 neque
1499 2613 1611 2649 Ebert,
1646 2612 1838 2644 Gesehiehte
1867 2611 1924 2644 der

392 2750 422 2770 :51⁸
454 2750 490 2772 (Ὗ.
514 2750 602 2779 Srript.
627 2751 680 2774 lter.
704 2751 795 2774 Meror.
819 2752 839 2779 1,
860 2751 884 2777 2,
907 2758 930 2780 p.
955 2752 1012 2774 452.
