2038 3036
217 660 232 679 ί
249 661 282 680 tol

208 1278 224 1296 r.
242 1274 282 1297 101¹

214 2221 228 2240 t.
247 2220 288 2241 iot'

303 133 374 164 χῐγ
995 128 1223 156 ΡΒΟΟΕΜΝΜ.

344 249 370 274 et
397 245 450 284 qui
475 244 593 284 quaerit
622 242 733 271 ini-enit
760 246 786 270 et
811 241 952 280 pulsanti
978 241 1143 280 aperietur.
1193 240 1251 271 Cui
1276 250 1345 281 eqer
1373 242 1542 282 respondit:
1577 243 1706 281 Vtinam,
1737 243 1922 274 honorabilis

343 301 442 335 pater.
475 295 600 324 salutem
633 294 773 332 consequi
804 302 935 322 merear.
984 293 1051 331 Ipse
1079 302 1148 322 vero
1177 292 1314 323 addidit:
1345 292 1536 324 Adiutorimn
1565 303 1622 334 quo
1651 295 1679 324 in
1708 296 1922 326 monasterium

343 347 509 386 iti-porteris
535 346 664 385 require,
691 349 716 374 et
739 353 805 374 cum
829 343 921 373 horae
945 344 1057 373 terciae
1080 345 1199 384 siqnum
1224 345 1396 383 intonuerit,
1419 354 1548 385 presens
1571 346 1682 376 assiste
1697 346 1842 387 deumque
1856 356 1922 378 eum

339 398 450 436 fidncia
478 397 642 436 deprecare
669 399 695 424 et
725 394 763 423 ab
791 394 848 423 liae
874 404 933 434 qua
961 394 1104 425 detineris
1131 395 1292 426 sanaberis
1321 396 1505 435 infirmitate.
1553 395 1751 428 Advenientes
1780 398 1859 428 enim
1889 407 1923 428 ea

344 450 409 487 ipsa
439 447 512 476 liora
541 447 668 487 yloriosi
693 446 862 476 sacerdotes
892 446 1018 484 Christi,
1050 446 1156 477 beatus
1185 447 1319 477 videlicet
1346 446 1473 478 Albinus
1500 452 1590 489 atque
1616 448 1743 479 domnus
1771 450 1925 480 Martinus

347 500 527 528 Turonensis
551 498 754 537 archipresul,
781 497 860 527 hane
884 498 1056 537 inqressuri
1077 502 1147 528 sunt
1170 498 1338 537 basilicam,
1365 498 1497 540 dataque
1517 499 1571 529 hoe
1588 500 1617 529 in
1634 500 1695 530 loco
1711 499 1921 540 benedictione,

343 551 382 580 od
412 550 626 579 solemnitatem
651 548 862 578 translationis
886 553 912 578 et
935 549 1138 579 ordinationis
1161 550 1292 580 eiusdem
1316 549 1398 581 beati
1419 551 1550 581 Martini
1570 552 1663 581 simul
1689 552 1818 582 Turonis
1840 562 1926 583 acce-

343 602 413 631 dere
435 601 549 630 delwnt.
596 602 636 630 Tu
661 610 730 640 erqo
754 604 869 630 tantum
894 600 992 637 crede,
1019 604 1045 630 et
1069 601 1098 630 in
1123 610 1225 630 eorum
1249 601 1382 631 adventu
1405 603 1435 631 si
1450 611 1577 641 presens
1590 602 1702 642 fueris,
1728 603 1834 633 salvus
1849 605 1922 634 eris.

345 653 583 692 klrperyclactus
611 656 709 682 autem
739 651 845 682 debilis
873 652 938 681 sine
967 661 1052 681 mora
1079 661 1111 682 se
1134 652 1176 682 ad
1199 652 1331 682 tumbam
1354 653 1471 692 deferri
1491 663 1550 694 qua
1574 662 1667 684 sacra
1688 652 1694 694 Ι
1714 655 1833 685 condita
1855 659 1926 686 sunt

343 704 472 734 nwmbra
494 703 664 743 festinat-it.
703 703 815 733 Deinde
838 703 907 733 dum
931 703 1006 733 hora
1031 704 1125 734 tercia
1149 704 1273 734 divinas
1296 705 1400 734 clerici
1421 708 1564 735 canerent
1587 705 1704 744 laudes,
1731 706 1805 736 nuri
1825 706 1926 737 odoris

338 756 508 795 [raptanda
537 756 637 784 onoo'a
665 755 911 794 superercellens
940 758 1081 785 aromata
1105 765 1163 795 per
1191 759 1281 786 totum
1303 756 1447 796 populum
1473 757 1526 796 qui
1547 757 1578 786 in
1601 757 1725 787 ecclesia
1751 757 1860 788 aderat
1883 762 1926 788 est

343 816 494 847 respersa.
537 808 603 843 (tua
628 807 778 836 suavitate
803 806 933 845 repletus
959 807 1001 836 ita
1024 816 1055 836 se
1080 807 1255 837 incolumem
1279 808 1371 837 sensit
1396 807 1570 848 lanyuidus,
1597 818 1633 838 ae
1651 810 1680 839 si
1695 808 1779 839 nulla
1798 809 1926 849 infirmi-

342 863 399 887 tate
419 858 528 897 suisset
552 858 696 895 detentus,
724 861 750 887 et
773 858 827 897 qui
847 858 957 888 alienis
981 857 1119 888 manibus
1143 859 1237 898 paulo
1260 862 1330 889 ante
1353 859 1394 889 ad
1416 860 1516 890 sancti
1537 859 1718 899 confessoris
1734 860 1925 900 sepulchrum

338 910 442 949 fuerat
474 910 664 949 deportatus,
697 910 834 948 propriis
863 910 1006 948 protinus
1037 909 1182 949 prodiens
1208 909 1336 949 pedibus
1363 909 1478 941 debitas
1506 920 1573 941 eum
1601 912 1683 941 omni
1705 911 1818 952 populo
1847 912 1926 942 almo

339 961 459 1000 presuli
481 959 632 990 ALBINO
661 961 798 1000 rependit
823 960 940 991 laudes.
988 961 1050 991 Hoc
1072 971 1129 991 non
1155 970 1174 990 a
1194 962 1306 1001 paucis
1329 962 1382 992 sed
1404 963 1503 992 visum
1527 972 1547 992 a
1569 963 1672 994 multis
1695 967 1757 994 tota
1780 964 1861 1004 reyio
1884 967 1927 994 te-

341 1017 441 1042 statur
464 1011 700 1042 Andeciwensis.

428 1065 490 1093 Non
521 1064 570 1094 ille
598 1064 716 1104 quidem
745 1063 929 1094 solummodo
957 1064 1039 1094 locus
1067 1073 1124 1104 quo
1151 1065 1236 1094 sacri
1262 1065 1399 1104 corporis
1427 1064 1507 1096 beati
1528 1064 1631 1096 Albini
1656 1067 1805 1107 reliquiae
1831 1068 1927 1097 conti-

341 1120 451 1144 nentur
479 1114 594 1145 crebris
619 1115 794 1145 illustratur
816 1116 991 1154 miraculis,
1023 1125 1128 1146 verum
1153 1117 1241 1146 etiam
1267 1115 1435 1156 ubicunque
1457 1118 1523 1146 eius
1546 1127 1651 1147 nomen
1675 1127 1742 1148 cum
1762 1118 1822 1157 fide
1844 1121 1926 1148 recta

341 1168 510 1196 invocatum
538 1166 648 1206 fuerit,
687 1171 830 1206 operante
860 1167 977 1197 Christo
1003 1177 1060 1207 pro
1087 1167 1270 1206 confessoris
1298 1169 1349 1198 sui
1376 1169 1505 1206 meritis,
1543 1169 1622 1209 quod
1645 1169 1748 1208 fideles
1773 1169 1927 1209 postulant

341 1220 512 1257 impetrant,
539 1221 571 1248 ut
597 1219 730 1248 veritatis
754 1219 902 1248 sententia
928 1218 1100 1258 impleatur,
1128 1228 1184 1259 que
1206 1219 1294 1249 dicit:
1322 1219 1453 1259 Pater-²⁰)
1475 1229 1556 1250 meus
1573 1229 1666 1260 usque
1681 1220 1766 1250 modo
1781 1224 1928 1260 operatur

341 1273 366 1298 et
390 1279 439 1309 eqo
463 1278 581 1308 operor.
616 1268 620 1309 Ι
656 1271 690 1300 Et
715 1270 842 1300 iterum:
873 1271 975 1310 Opera
985 1270 1020 1310 ²¹)
1048 1279 1126 1310 quae
1148 1280 1199 1310 eqo
1219 1269 1300 1310 facio
1324 1275 1350 1301 et
1374 1271 1434 1310 ipsi
1455 1272 1508 1311 qui
1529 1272 1558 1301 in
1584 1281 1629 1302 me
1651 1272 1778 1302 credunt
1798 1272 1923 1312 sacient.

341 1321 417 1350 Nam
442 1321 526 1360 apud
547 1322 739 1351 Croriensem
764 1322 861 1352 vicum
886 1321 1034 1361 quaedam
1060 1322 1169 1352 mulier
1192 1322 1302 1361 extitit,
1329 1331 1421 1362 quam
1446 1332 1465 1352 a
1488 1324 1647 1353 nativitate
1669 1333 1789 1354 caecam
1813 1327 1926 1354 natura

341 1372 514 1412 disponente
536 1372 589 1402 deo
614 1373 643 1402 in
667 1372 745 1402 lianc
767 1374 860 1403 vitam
881 1373 1074 1412 profuderat.
1115 1374 1200 1410 Quae
1223 1384 1240 1402 a
1267 1373 1368 1403 multis
1392 1373 1530 1413 audiens,
1558 1374 1638 1415 quod
1659 1376 1758 1405 sancti
1777 1375 1927 1415 pontificis

342 1424 450 1454 virtute
473 1424 586 1464 leprosi
608 1424 850 1463 nuindarentzw,
884 1428 1075 1455 sanarentur
1095 1425 1275 1464 paralytici,
1307 1426 1408 1455 visum
1433 1430 1650 1465 recuperarent
1673 1427 1768 1465 caeci,
1799 1426 1929 1466 plurimi

341 1485 358 1504 a
391 1476 451 1505 rita
478 1475 633 1515 desperati
660 1476 772 1515 infirmi
794 1476 832 1505 ab
857 1477 945 1516 ipsis,
979 1480 1010 1506 ut
1035 1477 1077 1506 ita
1099 1476 1214 1515 dicam,
1247 1478 1352 1507 mortis
1372 1476 1515 1516 faucibus
1539 1479 1635 1517 erepti
1656 1482 1754 1508 essent
1776 1482 1865 1518 atque
1887 1478 1928 1508 ad

344 1527 432 1556 vitam
455 1527 574 1566 redditi,
600 1531 682 1558 nocte
703 1537 738 1558 ac
757 1527 805 1557 (lie
826 1529 893 1558 totis
914 1528 1016 1558 cordis
1036 1528 1176 1558 medullis
1197 1532 1334 1558 sanctum
1352 1528 1537 1568 fiducialiter
1560 1528 1716 1559 invocabat
1732 1528 1923 1568 ALBINVM,

342 1582 372 1607 ut
395 1588 469 1608 suae
492 1579 632 1609 miseriae
655 1583 810 1609 assuetum
835 1579 985 1619 conferret
1008 1580 1162 1609 auoeilium
1187 1583 1213 1609 et
1236 1580 1315 1610 caeli
1337 1580 1441 1610 videre
1456 1580 1627 1611 concederet
1643 1581 1741 1610 lumen
1759 1590 1815 1611 sua
1833 1582 1928 1611 inter-

341 1631 472 1660 cessione
495 1634 612 1664 sancta,
639 1630 717 1670 quod
739 1630 798 1660 sibi
819 1630 1020 1671 deneqaz*e⁷·at
1043 1635 1170 1661 nectura.
1212 1631 1271 1661 Nec
1293 1640 1311 1660 a
1326 1640 1449 1670 precum
1467 1633 1597 1662 cessavit
1612 1631 1809 1672 improbitate,
1837 1632 1928 1662 donec

343 1682 516 1721 impetraret
547 1682 625 1721 quod
644 1682 762 1722 petebat
784 1692 804 1712 a
827 1686 929 1712 sancto
952 1682 1133 1722 consessore.
1182 1682 1288 1712 Eodem
1313 1692 1442 1722 namque
1464 1683 1512 1713 die
1534 1692 1590 1723 quo
1613 1687 1743 1714 sanatus
1767 1687 1809 1714 est
1829 1693 1928 1724 para-

343 1733 460 1772 lyticus,
487 1734 523 1763 de
545 1743 602 1774 quo
625 1744 723 1774 supra
746 1734 895 1773 dioeinius,
924 1735 952 1763 in
978 1735 1159 1764 monasterio
1183 1734 1356 1764 illuminata
1381 1738 1423 1764 est
1447 1738 1473 1764 et
1494 1734 1567 1764 haec
1582 1735 1692 1765 mulier
1709 1736 1739 1764 in
1756 1736 1820 1765 vico
1834 1744 1927 1775 prae-

343 1785 431 1824 dicto,
457 1789 633 1824 praestante
656 1785 774 1815 domino
797 1790 900 1816 nostro
925 1787 993 1816 Iesu
1019 1786 1151 1825 Christo,
1178 1787 1231 1826 qui
1252 1787 1327 1816 vivit
1350 1790 1376 1816 et
1399 1790 1507 1827 reqnat
1530 1786 1604 1816 deus
1626 1796 1682 1826 per
1704 1787 1802 1817 omnia
1827 1786 1928 1817 secula

342 1837 523 1867 seculorum.
571 1836 676 1867 Amen.

386 1912 535 1952 Sequitur
550 1913 772 1944 Miraeulorum
791 1923 898 1945 eorum
915 1923 996 1954 quae
1013 1912 1217 1945 Bollandiani
1246 1915 1303 1945 ‘ex
1320 1913 1386 1944 MS.
1406 1913 1532 1946 Nieolai
1549 1914 1708 1946 Belfortii·
1731 1914 1764 1946 in
1780 1914 1848 1946 AA.
1866 1914 1924 1947 SS.

301 1971 392 2004 Mart.
419 1972 443 2005 I.
471 1974 511 2003 60
536 1972 705 2005 ediderunt
732 1977 828 2015 eaput
849 1973 907 2014 122,
949 1974 995 2013 (In.
1019 1975 1171 2004 territorio
1196 1974 1289 2014 iqitur
1311 1991 1353 1996 —
1377 1975 1518 2005 semiusto
1539 1975 1646 2015 pede)⁷
1680 1974 1730 2006 eui
1762 1974 1875 2016 eapitis
1898 1975 1927 2006 Π

301 2031 425 2063 initium
449 2032 514 2064 alia
536 2043 632 2065 manu
655 2043 740 2065 saec.
767 2033 800 2064 X
823 2033 999 2065 subiectum
1023 2036 1087 2065 est:

434 2110 552 2150 (Mp'elii
576 2111 692 2141 videtur
713 2112 824 2151 paqine
848 2111 1040 2141 inserendum
1065 2111 1214 2151 quoddam
1239 2111 1446 2141 clarissimum
1472 2112 1663 2150 miraculum,
1691 2111 1769 2151 quod
1791 2112 1832 2142 ad
1850 2112 1930 2143 beati

343 2163 490 2201 pontificis
522 2163 706 2192 mausoleum
738 2164 767 2192 in
797 2162 849 2192 hoc
872 2166 974 2192 nostro
998 2166 1128 2202 tempore
1150 2166 1265 2193 constat
1289 2172 1353 2193 esse
1373 2167 1541 2202 patratum.
1591 2164 1626 2193 Et
1646 2164 1790 2202 precipue
1809 2163 1927 2203 futuris

345 2214 447 2243 estimo
472 2213 612 2252 fidelibus
632 2213 636 2254 Ι
657 2215 768 2253 scripto
798 2213 1041 2254 propalandum,
1075 2215 1149 2253 quia
1169 2214 1361 2253 presentibus
1384 2215 1452 2244 risa
1475 2215 1535 2244 scio
1560 2215 1758 2244 notissinmm.
1808 2216 1842 2245 Et
1865 2215 1928 2245 ideo

345 2274 470 2304 quorum
500 2265 553 2295 hoc
579 2265 656 2305 quod
679 2269 869 2295 narraturus
892 2274 959 2295 sum
983 2265 1140 2295 didicerim
1164 2266 1311 2296 relatione
1335 2275 1391 2295 non
1416 2275 1596 2306 maynapere
1619 2266 1731 2296 curavi
1752 2267 1926 2296 nominatim

345 2316 529 2355 depronu’re,
557 2317 627 2356 quia
651 2326 750 2347 omnes
773 2316 1013 2347 Andecavenses.

303 2392 381 2423 Cum
405 2396 510 2424 autem
534 2392 683 2424 librarius
705 2393 866 2435 inceptum
890 2403 952 2425 non
975 2393 1153 2435 perfecerit,
1180 2393 1367 2435 particulam
1384 2393 1533 2435 scriptam
1549 2393 1614 2425 alia
1630 2403 1744 2425 manus
1759 2393 1924 2435 expunxit.

305 2451 398 2483 Liber
427 2452 480 2492 qui
510 2452 542 2483 in
572 2453 645 2494 ipsa
668 2452 897 2494 Andegavensi
928 2453 1005 2485 urbe
1036 2454 1172 2494 scriptus
1202 2453 1328 2485 indetur
1355 2463 1426 2485 esse
1449 2453 1495 2485 ita
1517 2463 1612 2494 super
1634 2453 1773 2493 reliquos
1796 2453 1924 2490 enfinet,

305 2515 336 2542 ut
361 2511 452 2543 lectio
475 2512 607 2552 vulgata
631 2512 721 2544 Vitae
745 2513 853 2544 Albini
876 2523 915 2545 ex
939 2523 976 2545 eo
999 2513 1119 2545 centies
1143 2513 1285 2554 suppleri
1309 2516 1404 2553 atque
1429 2512 1594 2544 emendari
1617 2513 1764 2554 potuerit.

392 2682 433 2711 2⁰)
455 2683 506 2706 1011.
528 2684 556 2711 V,
582 2684 620 2707 l'i.

393 2725 433 2754 21)
457 2726 507 2749 lnh.
529 2727 559 2755 V,
582 2726 622 2750 30.

393 2768 423 2791 22⁷.
457 2769 491 2791 Ex
515 2769 676 2792 Eaivorsaleosi
698 2770 774 2793 editio
794 2771 952 2793 nonan-§iana
972 2771 1124 2794 emendanda
1144 2775 1189 2793 cst.

2008 439 2024 623 *on-⁴·-

2007 695 2018 703 ,¹
2008 631 2017 678 ara—-
