2038 3036
272 122 328 149 lim
568 117 762 144 orvsex'LA
784 115 973 142 x'Esax'rlo
993 113 1220 141 FORTVNATO
1239 113 1342 141 MALE
1362 114 1584 142 A'r'rsslssx‘TA

267 214 372 244 rebat:
405 213 550 243 robustus
574 220 698 251 semper
721 210 752 240 iu
777 219 916 250 corpore.
947 209 1043 240 t'acics
1067 208 1136 239 eius
1161 213 1192 239 ut
1217 218 1287 240 rosa
1311 209 1454 240 rubebat.
1496 210 1541 241 Re
1566 219 1641 241 vera
1665 209 1750 249 qnod
1773 209 1886 242 dicturi

266 274 375 294 snmus·
400 262 594 303 impossibile
621 261 749 292 forsitan
775 260 954 291 homiuibus
979 269 1050 290 esse
1075 258 1197 300 poterit,
1226 258 1283 290 sed
1307 259 1508 292 credentibus
1531 259 1592 292 deo
1609 264 1792 301 praestante
1808 261 1888 292 satis

267 314 430 355 possit-ilia
455 323 525 344 osse
551 316 692 352 possunt.
761 314 818 341 1:39
859 311 923 341 lam
947 310 1063 341 etenim
1088 309 1128 341 ad
1153 309 1286 342 senilem
1311 310 1424 343 beatus
1441 311 1607 343 Maurilius
1630 316 1818 353 pervenerat
1832 322 1888 343 ae-

266 371 371 396 tatem.
421 365 588 404 Propterea
605 373 665 393 non
683 366 786 403 vaput,
808 371 868 392 non
886 361 1008 399 dentes,
1029 370 1090 391 nou
1108 359 1222 399 visum,
1250 370 1311 392 non
1328 362 1537 394 stomachum.
1565 372 1628 394 uon
1645 366 1771 394 caetera
1787 372 1888 394 mem-

267 417 319 446 bra
351 415 494 445 dolebat.
532 423 591 444 nou
623 413 778 444 viseerum
803 412 1006 443 cruciabatur
1029 411 1208 450 doloribus,
1243 422 1305 443 non
1329 412 1414 445 sicca
1438 413 1552 445 humus
1576 413 1713 446 iacentia
1737 424 1832 455 super
1854 424 1887 446 se

265 466 363 507 ipsius
388 465 528 496 membra
553 464 770 504 confregerat.
803 463 859 494 sed
883 467 967 494 totus
991 472 1117 503 semper
1140 472 1237 494 sanus
1261 473 1407 505 corpore,
1436 469 1541 496 mente
1565 465 1681 496 etenim
1705 465 1828 503 sanior,
1855 466 1888 497 in

266 517 404 556 utrisque
433 525 560 556 semper
583 515 739 546 robustior
761 514 947 556 apparebat.
976 524 1046 544 cum
1071 513 1274 545 solitudinem
1299 524 1361 555 qua
1385 515 1467 547 inter
1491 516 1633 547 homines
1658 516 1805 548 utebatur
1828 526 1888 557 pu-

264 573 342 599 taret
367 578 438 598 esst·
463 566 591 598 delitias
615 571 644 597 et
670 566 751 597 inter
774 565 860 597 cives
884 565 1072 596 constitutus
1097 564 1300 597 solitudinem
1332 565 1451 598 heremi
1483 571 1538 598 aut
1568 567 1793 599 monachorum
1824 567 1888 599 ari-

263 620 335 650 dam
366 624 396 649 ct
425 618 640 657 angustiorem
672 617 767 648 vitam
798 627 859 648 uon
891 616 1099 647 desideraret.
1168 618 1233 654 Ηυξ,
1273 617 1308 648 Ιι]
1340 618 1460 649 sanetis
1491 628 1627 658 namque
1656 618 1793 659 genibus
1822 619 1888 651 suis

263 677 292 701 ct
324 669 437 700 cubitis
469 668 579 700 sedule
605 678 660 709 pro
685 668 832 709 plebibus
858 667 917 698 sibi
943 667 1122 698 commissis
1146 667 1301 699 flectendo
1325 669 1438 700 eadem
1463 669 1563 700 instar
1586 679 1725 709 genuum
1749 670 1890 702 camelo-

264 732 329 752 rmu
355 720 513 761 quandam
539 719 691 750 duriciem
717 719 915 750 concrevisse
939 722 971 750 et
994 718 1207 750 concalluisse
1232 719 1334 750 visum
1359 724 1419 751 est.
1460 720 1541 751 Nam
1566 721 1680 752 bonum
1697 720 1781 761 quod
1798 721 1889 753 Mau-

263 773 351 804 rilius
380 771 476 811 clegit
508 771 655 812 arripuit.
691 770 791 802 tenuit
823 780 880 800 uec
912 769 1033 801 dimisit
1065 769 1122 801 sed
1146 770 1330 810 complevit.
1386 773 1463 808 111
1494 771 1579 803 Nihil
1603 772 1687 804 enim
1712 775 1780 804 erat
1802 772 1890 804 illius

263 823 430 855 severitate
455 822 630 855 iocundius,
662 821 740 852 niliil
765 820 960 852 iocunditate
985 820 1137 859 severius,
1166 820 1246 852 nibil
1271 821 1336 852 risu
1360 821 1490 861 tristius,
1520 823 1596 854 nihil
1622 823 1654 854 in
1678 823 1732 855 illo
1756 823 1889 856 tristicia

262 875 403 906 suavius.
452 874 528 905 Erat
557 873 682 904 omnino
714 882 859 904 sermone
891 872 990 903 silens
1014 875 1044 903 et
1068 872 1196 903 silentio
1221 872 1354 913 loquens
1377 883 1435 905 nec
1459 874 1540 906 citus
1564 884 1621 906 nee
1644 874 1766 913 tardus,
1803 874 1887 907 idem

262 926 307 957 illi
339 925 465 956 babitus
496 924 642 964 idemque
674 934 801 964 semper
831 923 988 954 incessus.
1035 922 1114 954 Erat
1143 923 1238 955 etiam
1270 924 1417 964 neglecta
1449 925 1495 956 illi
1518 925 1690 957 mundities
1714 930 1746 958 et
1769 926 1889 958 inculta

262 977 377 1008 vestis.
412 977 514 1007 cultus
539 980 643 1007 tamen
669 975 739 1016 ipse
764 975 831 1006 sine
856 975 954 1006 cultu.
1011 975 1089 1013 .¹42;
1118 974 1253 1006 Talibus
1277 985 1352 1016 ergo
1377 986 1446 1008 cum
1471 974 1512 1007 ab
1535 976 1607 1018 ipsa
1630 977 1786 1018 pueritiae
1810 988 1888 1010 snae

261 1033 365 1059 aetate
401 1027 567 1059 virtutibus
602 1025 727 1058 floreret
761 1036 886 1067 semper
921 1029 951 1058 et
982 1025 1102 1057 meritis
1134 1029 1165 1058 et
1196 1026 1454 1068 appropinquare
1487 1032 1630 1060 cerneret
1659 1028 1707 1059 sui
1736 1029 1889 1060 transitus

261 1080 359 1110 diem.
393 1079 434 1110 ad
465 1077 732 1119 comparationem
764 1077 965 1119 patriarchae
990 1077 1089 1109 nostri
1112 1077 1261 1110 Abrahae
1286 1078 1372 1110 baud
1396 1078 1526 1119 longius
1549 1079 1590 1110 ab
1613 1079 1787 1111 Andecava
1812 1080 1889 1112 urbe

261 1130 300 1161 ad
331 1129 609 1171 septentrionalem
641 1129 784 1161 eiusdem
813 1128 900 1160 urbis
930 1131 1052 1170 partem
1084 1128 1245 1170 duplicem
1278 1129 1461 1170 sepulturae
1487 1140 1564 1162 suae
1588 1130 1721 1172 criptam
1745 1141 1808 1172 qua
1831 1131 1889 1163 de-

263 1183 365 1213 fossus
394 1181 571 1222 quiesceret
602 1180 765 1212 aedificari
797 1180 971 1221 praecepit.
1026 1181 1107 1219 Ἰ143)
1137 1179 1228 1217 Quod
1260 1190 1330 1212 cum
1362 1181 1538 1213 secundum
1569 1181 1670 1223 ipsius
1694 1181 1888 1214 desiderium

261 1233 463 1273 perficeretur
493 1235 524 1264 et
553 1236 674 1271 votum,
710 1231 848 1272 quadam
874 1231 925 1263 die
950 1231 1124 1265 dominica,
1160 1230 1234 1263 dum
1266 1235 1397 1263 sanctae
1422 1233 1668 1274 sollempnitatis
1692 1232 1824 1265 offitium
1849 1233 1889 1265 de

261 1294 346 1315 more
370 1284 570 1324 complesset.
598 1283 723 1315 modica
746 1283 894 1324 pulsatus
916 1282 1099 1314 infirmitate
1123 1282 1310 1314 convocavit
1330 1293 1454 1315 omnem
1472 1284 1590 1316 elerum
1607 1284 1668 1315 sibi
1685 1284 1887 1316 commissum

261 1335 486 1367 commendans
517 1335 581 1366 illis
611 1334 755 1366 nltimam
786 1334 939 1366 transitus
970 1334 1019 1366 sni
1051 1334 1135 1366 diem
1167 1334 1293 1366 dicens:
1328 1334 1397 1376 Ego
1427 1335 1589 1376 ingredior
1612 1336 1696 1367 viam
1720 1336 1888 1368 universae

261 1387 376 1420 carnis,
403 1396 458 1417 vos
481 1396 590 1417 omnes
614 1385 788 1417 admoneo:
817 1389 943 1417 servate
967 1385 1143 1425 caritatem,
1171 1385 1330 1418 custodite
1351 1386 1563 1426 dilectionem,
1591 1386 1715 1427 diligite
1733 1387 1888 1419 castitatis

261 1437 461 1480 pudicitiam,
498 1437 655 1478 patientes
686 1440 786 1468 estote
816 1436 858 1468 ad
889 1447 998 1469 omnes
1029 1440 1060 1468 et
1092 1441 1283 1469 mementote
1307 1447 1434 1479 semper
1456 1438 1558 1479 pretio
1582 1438 1748 1479 sanguinis
1771 1438 1887 1470 Christi

260 1500 315 1520 vos·
348 1499 456 1520 omnes
488 1498 558 1521 csse
590 1488 781 1529 redemptos.
836 1489 915 1529 (144),
946 1487 1072 1520 Interea
1099 1488 1195 1520 etiam
1225 1492 1333 1520 tantae
1358 1493 1574 1521 convenerunt
1595 1499 1635 1521 ex
1658 1489 1770 1521 vicinis
1794 1489 1886 1521 undi-

260 1551 320 1581 quc
352 1540 493 1581 partibus
526 1539 715 1571 visitationis
746 1539 851 1571 studio
882 1539 1070 1580 populorum
1102 1543 1249 1571 catervae
1273 1543 1425 1580 quantum
1451 1541 1525 1572 urbs
1549 1540 1722 1574 Andecava
1746 1540 1886 1582 recipere

261 1596 381 1633 poterat
417 1596 471 1623 aut
505 1591 640 1632 recepit7
683 1594 862 1623 maerentes
897 1594 929 1622 et
962 1591 1094 1622 multum
1129 1590 1259 1626 flentes.v
1303 1601 1357 1623 eur
1390 1594 1477 1623 tanto
1506 1591 1712 1623 viduarentur
1741 1595 1883 1633 patrono.

265 1646 336 1680 ‹145›
375 1644 460 1681 Quos
490 1652 598 1674 onmes
630 1646 754 1684 patrum
784 1641 946 1683 piissimus
978 1642 1124 1674 devotius
1155 1642 1188 1673 in
1219 1652 1363 1674 summae
1393 1643 1504 1674 mortis
1535 1643 1669 1675 articulo
1699 1643 1887 1674 constitutus

261 1695 430 1726 absidi-ens
455 1698 485 1726 et
509 1694 784 1726 benedictionibus
809 1694 1031 1731 eoi-1·ob01·ans‚
1063 1693 1200 1735 septima
1223 1693 1492 1726 incommoditatis
1517 1694 1568 1726 die
1592 1694 1766 1734 ultimoque
1790 1694 1886 1726 totius

261 1756 338 1777 suae
367 1745 480 1777 aetatis
504 1755 586 1776 anno
609 1745 816 1785 nonagesimo
841 1749 871 1777 et
895 1745 1101 1787 episcopatus
1125 1745 1284 1777 tricesimo
1309 1745 1380 1786 pius
1404 1749 1513 1786 pastor
1535 1749 1567 1777 et
1589 1745 1697 1777 doctor
1719 1745 1886 1777 Maurilius

261 1868 389 1895 integritas>
417 1868 511 1889 animae
536 1871 667 1897 appareret
687 1868 713 1889 in
732 1870 818 1896 vegeto
837 1873 944 1896 corpore.
985 1867 1083 1895 Navigii
1103 1873 1158 1896 ergo
1178 1867 1216 1890 sui
1236 1867 1379 1890 indefessus
1399 1867 1450 1890 vela
1470 1867 1602 1896 tendebat,
1636 1867 1724 1896 pedem
1743 1864 1804 1899 [uon
1829 1874 1884 1897 pro-

263 1908 369 1942 ferebat]
389 1910 426 1932 liis
445 1910 532 1933 diebus
553 1910 578 1932 in
598 1910 736 1940 publicum.
776 1910 871 1933 Ciliciis
891 1916 989 1932 carnem
1009 1910 1103 1933 terebat
1123 1909 1223 1932 assidue
1244 1913 1269 1932 et
1288 1913 1371 1932 tamen
1392 1913 1420 1932 ut
1439 1910 1532 1932 dictum
1551 1913 1589 1933 est
1608 1916 1705 1940 corpore
1725 1910 1796 1933 alacri
1815 1916 1885 1933 mens

263 1953 382 1975 robustior
401 1957 453 1975 erat
471 1953 496 1975 in
516 1952 624 1975 Christo.

349 1995 425 2018 l—ll
451 1994 617 2024 illaynobodus
643 2002 663 2018 c.
691 1996 739 2018 ⁵25:
766 1995 834 2022 Quod
861 1995 1014 2026 impossibile
1037 1995 1139 2018 forsitan
1166 1995 1258 2018 homini
1283 1995 1397 2018 videatur
1421 1995 1464 2018 sed
1489 1995 1651 2018 credentibus
1675 1995 1720 2019 deo
1743 1998 1884 2025 praestante

260 2039 378 2068 possibile
398 2042 443 2061 est.
479 2039 528 2060 lam
549 2038 738 2067 nonagenariam
758 2041 906 2068 pervenerat
925 2038 954 2061 ad
973 2041 1089 2067 aetatem,
1112 2041 1140 2061 ut
1159 2045 1207 2061 nou
1227 2038 1322 2061 doleret
1341 2038 1505 2066 stomachum,
1528 2043 1575 2060 non
1594 2038 1715 2061 viscerum
1735 2039 1885 2061 cruciaretur

260 2081 365 2110 iniuria,
393 2087 440 2103 nou
468 2082 529 2103 ›ivea
554 2080 644 2103 liumus
669 2081 781 2104 crebrius
807 2082 989 2111 superiacentia
1008 2081 1055 2104 sibi
1076 2081 1183 2104 membra
1203 2081 1370 2110 confregerat,
1398 2080 1440 2103 sed
1461 2087 1536 2104 sanus
1555 2086 1666 2110 corpore,
1691 2081 1773 2104 animo
1792 2081 1881 2110 sanior,

260 2124 434 2153 parsimoniam
461 2127 484 2146 et
504 2123 664 2146 solitudinem
686 2125 788 2153 putabat
807 2131 862 2147 esse
882 2124 993 2147 delicias.
1032 2124 1093 2147 Nam
1114 2127 1139 2147 et
1158 2124 1185 2146 in
1205 2124 1275 2147 urbis
1295 2124 1437 2153 frequentia
1457 2123 1496 2146 vir
1514 2123 1723 2153 prudentissimus
1740 2123 1885 2146 inveniebat

262 2167 307 2188 sibi
334 2173 443 2189 eremum
470 2166 650 2189 monachorum.
690 2168 777 2189 (lenna
796 2167 850 2190 eius
870 2167 975 2196 quadam
995 2167 1086 2189 duritie
1104 2167 1133 2189 ad
1154 2167 1232 2189 instar
1251 2173 1359 2196 genuum
1378 2166 1527 2189 camelorum
1546 2167 1669 2190 nectendo
1687 2173 1715 2190 ea
1734 2173 1777 2197 pro
1795 2166 1884 2197 populo

262 2216 306 2231 suo
325 2217 368 2239 per
386 2209 471 2231 orandi
492 2209 657 2238 frequentiam
677 2209 810 2232 occaluisse
829 2213 987 2240 perspectum
1007 2214 1054 2233 est.

350 2251 446 2275 ll—lli
468 2250 634 2279 ,iluynobodus
654 2254 669 2275 l.
693 2253 727 2274 A:
755 2252 871 2275 Ceterum
892 2253 933 2275 ille
953 2253 1021 2275 intus
1040 2253 1105 2281 apud
1125 2260 1151 2276 se
1176 2252 1240 2282 quod
1265 2252 1340 2281 elegit
1365 2252 1486 2282 arripuit,
1514 2253 1613 2282 tenuit,
1638 2252 1733 2281 eoepit,
1761 2252 1881 2284 implevit.

261 2295 324 2317 Sane
350 2295 373 2317 iu
399 2295 521 2317 ctummuui
545 2295 603 2317 soris
623 2295 815 2318 conversationis
834 2295 981 2318 hebitudine
1001 2295 1065 2318 nihil
1084 2295 1154 2318 illins
1174 2295 1308 2318 severitate
1328 2295 1474 2323 iucundius,
1503 2295 1565 2318 nihil
1585 2294 1742 2318 iucunditate
1762 2294 1881 2322 severius,

261 2337 323 2359 nihil
345 2338 394 2359 risu
414 2338 524 2367 tristius⁷
551 2337 615 2360 nihll
635 2338 738 2360 tristitia
758 2339 868 2362 suavius,
909 2338 970 2361 Cum
990 2339 1170 2361 continentiam
1190 2338 1327 2366 indicaret,
1349 2344 1396 2361 non
1417 2337 1543 2361 redolebat
1560 2337 1751 2361 ostentationem
1770 2343 1883 2361 sermone

260 2380 337 2403 silens
356 2384 379 2402 et
398 2380 497 2403 silentio
516 2380 620 2409 loquens
645 2387 689 2403 nec
709 2381 773 2403 citus
793 2387 838 2403 nee
857 2380 942 2404 tardus
961 2381 1088 2411 incessus,
1114 2381 1180 2403 idem
1200 2387 1297 2410 semper
1316 2380 1430 2409 habitus,
1458 2380 1570 2409 neglecta
1589 2379 1725 2403 mundities
1744 2382 1769 2403 et
1788 2379 1883 2403 inculta

261 2423 344 2446 vestis.
367 2423 450 2445 vultus
470 2423 522 2452 ipse
542 2424 597 2446 sine
617 2423 694 2447 cultu.

350 2465 447 2489 13—10
468 2465 634 2494 ,ilaynobodus
653 2473 673 2489 c.
696 2467 742 2488 229:
768 2466 820 2489 lani
846 2467 933 2489 beatus
953 2466 1084 2490 Mamilius
1108 2469 1238 2490 senectute
1263 2467 1326 2489 bona
1349 2466 1477 2489 consectus
1497 2469 1522 2488 et
1541 2466 1628 2489 adesse
1647 2465 1693 2488 sibi
1713 2465 1881 2488 desideratum

262 2509 299 2530 sui
320 2508 401 2531 obitus
421 2509 533 2530 sentiens
552 2509 617 2531 diem
637 2508 777 2531 aediti-ravit
796 2512 905 2538 cryptam
926 2509 1050 2539 duplicem
1071 2509 1214 2539 sepulturae
1235 2515 1293 2532 snae
1313 2508 1342 2532 ad
1362 2509 1506 2538 exemplum
1521 2508 1672 2538 patriarchae
1685 2509 1762 2532 nostri
1776 2509 1882 2531 sanctis-

261 2552 316 2573 :imi
338 2551 460 2574 Abrahae.

346 2593 374 2616 Ill
396 2606 428 2609 —-
447 2600 471 2622 p.
497 2593 550 2620 101,
573 2594 589 2616 l.
612 2593 625 2616 ¹).
648 2593 815 2622 iuaynobodus
835 2596 852 2617 ι.
874 2596 910 2618 l.:
939 2595 966 2617 ln
986 2594 1094 2617 seeundo
1113 2601 1168 2623 ergo
1187 2595 1274 2617 ordine
1292 2594 1421 2617 sacerdotii
1441 2600 1474 2617 ΣΙ,
1494 2594 1566 2617 annis
1585 2593 1712 2617 ecclesiam
1732 2599 1830 2623 regens,
1854 2593 1881 2616 in

263 2636 409 2664 pontitivalis
428 2640 510 2658 autem
530 2637 607 2665 apicis
626 2636 749 2663 «lignitate
770 2643 820 2659 xxx
835 2637 907 2659 aunis
927 2637 1070 2666 praesidens
1089 2637 1219 2660 cathedrae
1238 2637 1296 2666 pius
1315 2640 1396 2666 pastor
1418 2637 1524 2660 animam
1544 2637 1642 2666 qualem
1663 2636 1693 2660 de
1712 2636 1807 2659 lavaero
1820 2635 1881 2659 sacri

349 2751 362 2769 ,5
382 2746 486 2777 vi-nxml
507 2748 571 2769 vuiui
594 2747 614 2769 J>
720 2747 746 2769 1-1
770 2746 846 2779 idem]
870 2750 898 2774 ti,
922 2748 1036 2777 idemque
1059 2747 1080 2769 1’

1912 681 1939 700 lu

1911 937 1940 956 1⁵

1909 1192 1939 1213 2¹0

1908 1449 1939 1469 25

1906 1704 1936 1724 30
