2038 3036
161 343 295 374 xxx'nl

184 660 290 690 XXlX

198 1184 289 1214 XXX

178 1606 286 1636 XXXI

161 1923 286 1955 XXXII

323 141 362 168 ,ω
927 131 1092 157 VENAN'rl
1114 129 1331 156 FORTVNA'rl

322 231 424 262 erm-is
449 229 610 271 inpressit.
640 227 777 258 caecitas
803 226 898 265 sugit,
928 226 980 256 lux
1006 224 1098 256 rediit
1121 228 1153 255 et
1176 228 1328 255 nocturno
1352 224 1411 256 sub
1435 228 1576 266 tempore
1599 224 1695 256 orbae
1719 224 1772 256 diu
1796 224 1866 256 dies
1890 225 1940 256 iu-

322 283 409 314 luxit.
439 283 480 313 ita
506 287 537 312 ut
562 285 660 310 trau-ta
684 288 754 309 cum
779 278 928 310 venisset.
957 276 1043 308 nullo
1068 275 1203 307 ducente
1227 275 1400 308 recederet.

422 344 461 369 ‹ir›
502 341 577 371 Item
603 339 709 380 puella
731 337 897 368 Fraitledis
921 336 1049 367 inimico
1073 335 1245 375 instigante
1269 335 1344 367 dum
1367 339 1565 376 torqueretur
1589 339 1652 367 tam
1676 335 1831 376 nequiter,
1858 336 1940 368 Sue-

319 393 376 423 das
400 393 479 423 intvr
504 400 614 421 mamus
639 393 768 420 sanctae
793 399 849 420 ner
875 388 949 419 data
973 387 1126 418 dilatione
1151 386 1254 418 curari
1279 387 1461 428 promeruit.
1516 388 1576 427 (67)
1604 387 1671 418 Nec
1694 387 1773 419 illud
1798 391 1940 429 praeter-

318 450 407 475 eatur
440 449 564 483 teinpus·
600 441 712 472 beatae
747 439 831 480 quod
867 439 1033 480 prm-stitit.
1084 438 1216 470 Femina
1245 437 1402 478 quaedam
1436 438 1569 470 Leubila
1600 439 1674 470 dum
1706 443 1876 471 vexaretur
1906 439 1938 470 in
1961 450 1972 468 ⁵

320 506 388 526 rure
420 495 460 525 al»
490 492 674 525 adversario
704 492 859 532 graviter.
899 490 1044 530 sequenti
1076 489 1127 521 dic
1159 494 1271 522 sancta
1301 494 1426 528 orante,
1462 500 1545 521 nova
1568 489 1685 521 Christi
1716 490 1877 522 curatione
1906 490 1938 522 in

317 546 448 587 scapula
483 548 631 585 crepante
664 548 733 575 cute
765 547 796 574 ct
826 552 932 574 verine
965 542 1050 572 foras
1082 545 1235 574 excunte.
1274 551 1352 573 sana
1381 545 1431 574 cst
1459 541 1585 574 reddita
1615 541 1742 583 publice
1772 546 1803 574 et
1833 541 1938 583 ipsum

317 608 453 629 vernwm
478 597 606 627 calcans
630 595 710 636 pede
736 595 869 626 liberata
894 603 928 625 se
953 593 1070 625 retulit.

417 658 462 685 νὴ·
496 656 578 687 lllud
609 655 692 695 quod
724 655 824 694 gessit
847 654 878 685 in
903 657 1023 685 secreto
1047 653 1224 695 proferatur
1246 653 1278 684 in
1302 653 1466 695 populum.
1515 653 1671 685 Monaclia
1693 652 1851 694 quaedam
1875 656 1938 685 toto

315 721 396 740 nuno
420 709 451 739 in
476 708 527 739 die
551 707 659 747 gelata
684 706 816 745 frigore.
846 716 902 747 per
925 708 1045 737 noctem
1071 709 1211 737 cremata
1235 704 1326 745 igne,
1354 714 1410 736 sex
1435 705 1597 736 mensibus
1621 714 1679 736 nec
1701 715 1846 745 gressum
1871 714 1938 736 mo-

316 771 392 792 vens
416 770 485 791 rum
511 759 628 791 iaceret
652 757 819 793 exanimis,
847 761 977 789 sauctae
1001 757 1041 789 de
1065 757 1135 788 cius
1158 756 1340 789 infirmitate
1364 767 1451 788 soror
1474 757 1575 788 altera
1597 756 1765 788 nuntiavit.
1807 757 1847 788 Et
1861 756 1938 797 quia

315 812 475 854 perinanis
505 815 602 842 esset.
637 809 777 850 tepidam
807 809 875 841 tieri
907 809 1081 850 praecepit,
1115 809 1218 850 ipsam
1243 812 1406 849 aegrotam
1429 808 1472 840 ad
1496 818 1530 840 se
1554 808 1631 840 facit
1652 807 1684 839 in
1708 808 1856 840 cellulam
1881 808 1938 840 de-

315 864 430 905 portari
454 867 485 894 et
508 863 539 894 iu
563 862 672 903 tepida
695 861 822 902 deponi.
876 862 934 900 (60)
964 860 1043 892 Hinc
1068 860 1157 892 iubet
1178 870 1288 892 omnes
1312 860 1486 899 removeri,
1514 864 1698 892 remanente
1722 863 1843 892 tantum
1868 860 1937 892 sola

314 916 406 947 simul
431 918 560 954 aegrota
586 924 655 945 cum
681 913 806 944 medica
830 913 897 944 fere
921 922 978 954 per
1001 912 1095 944 horas
1119 912 1211 943 duas.
1252 912 1412 950 Quantum
1437 916 1486 944 est
1508 911 1646 953 corporis
1670 911 1771 943 forma
1793 922 1813 943 a
1832 911 1937 953 capite

315 978 413 1007 usqu(-
443 966 483 998 ad
515 966 655 1007 plantam
686 965 810 996 iutirma
839 964 982 996 membra
1011 964 1203 996 conbaiulat.
1266 966 1324 1004 (70)
1355 964 1479 996 Dehine
1509 974 1570 1005 quo
1600 973 1714 995 manus
1744 963 1932 1004 attingebat,

313 1019 455 1057 fugiebat
486 1018 574 1049 dolor
604 1017 643 1048 ‹le
668 1016 821 1057 languida
845 1020 877 1048 ct
898 1026 993 1056 quam
1018 1015 1100 1047 duae
1125 1016 1341 1057 deposuerant
1364 1015 1443 1048 exiit
1466 1015 1605 1048 salubris
1628 1015 1667 1047 de
1691 1014 1818 1056 tepida,
1853 1024 1936 1055 quae

312 1071 416 1101 vinum
441 1080 498 1101 nec
523 1069 675 1100 odorabat
698 1068 832 1109 acecpit,
861 1068 940 1099 bibit
965 1071 996 1099 ct
1019 1067 1138 1099 refecta
1162 1071 1220 1099 est.
1262 1067 1346 1106 Quid
1371 1068 1464 1109 plura
1474 1071 1486 1098 ¹?
1523 1067 1676 1108 Sequenti
1701 1066 1753 1098 die
1777 1077 1847 1098 cum
1871 1067 1935 1098 iam

314 1125 495 1163 speraretur
518 1121 653 1161 migrare
678 1120 717 1151 dc
742 1119 881 1157 saeculo,
910 1119 1002 1151 salva
1025 1119 1181 1160 processit
1203 1119 1235 1150 in
1258 1119 1431 1161 publicum.

404 1183 459 1211 ³71·
491 1180 655 1212 Adiciatur
686 1179 772 1211 laudi
803 1179 887 1220 quod
910 1190 972 1211 non
996 1179 1134 1220 deperiit
1155 1180 1277 1211 melito.
1327 1180 1442 1212 Mulier
1464 1179 1622 1221 quaedam
1646 1179 1721 1210 dum
1744 1178 1864 1210 inimici
1887 1178 1936 1210 in-

312 1233 440 1264 vasione
473 1232 613 1271 graviter
644 1232 804 1263 laboraret
834 1235 865 1263 et
895 1231 949 1262 vix
979 1231 1021 1262 ad
1051 1233 1194 1263 sanctam
1225 1231 1404 1272 potuissent
1433 1231 1555 1263 hostem
1583 1231 1735 1263 rebellem
1759 1230 1930 1271 adducere,

312 1286 446 1326 imperat
473 1283 676 1317 adversario.
711 1286 744 1315 nt
775 1293 809 1314 se
840 1293 897 1314 suo
929 1293 998 1314 eum
1029 1283 1140 1315 timore
1170 1283 1353 1324 pavimento
1383 1286 1606 1324 prosterneret.
1655 1283 1727 1314 Mox
1756 1282 1797 1314 ad
1821 1282 1934 1314 beatae

311 1346 485 1368 sermonem
515 1336 546 1366 iu
579 1339 662 1367 terra
693 1344 726 1366 sc
757 1334 914 1373 deiciens,
951 1335 1005 1375 qui
1034 1335 1205 1366 timebatur
1233 1335 1390 1366 extimuit.
1440 1334 1498 1366 Cui
1523 1337 1633 1366 sancta
1656 1334 1753 1376 plena
1776 1334 1839 1366 tide
1863 1344 1933 1366 cum

311 1389 468 1420 calcasset
489 1388 521 1418 in
545 1387 683 1425 cervice,
718 1386 806 1418 fluxu
829 1386 948 1418 ventris
971 1396 1122 1427 egressus
1147 1390 1205 1418 est.
1259 1388 1318 1427 (72)
1347 1387 1404 1418 Est
1427 1389 1459 1418 et
1480 1386 1513 1418 in
1536 1387 1631 1418 rebus
1654 1385 1795 1418 minimis
1818 1396 1936 1427 magna

311 1439 412 1479 gloria
442 1438 603 1471 creatoris.
652 1439 736 1479 Ergo
768 1448 844 1470 casu
875 1438 950 1470 dum
979 1438 1104 1478 glomus
1134 1448 1229 1478 quem
1260 1441 1371 1470 sancta
1399 1438 1547 1470 filaverat
1575 1438 1788 1480 perpenderet
1817 1437 1857 1470 de
1880 1447 1934 1470 ca-

311 1502 412 1524 mera.
450 1491 582 1523 veniens
616 1490 700 1522 sorix
735 1494 769 1522 ut
801 1493 962 1531 tangeret,
999 1493 1171 1531 antequam
1201 1490 1290 1522 filum
1320 1490 1477 1522 incideret
1503 1493 1646 1522 mortuus
1676 1490 1708 1521 in
1739 1499 1845 1522 morsu
1876 1499 1934 1532 pe—

311 1543 430 1584 pendit.

404 1604 461 1642 :[73)
491 1603 652 1634 inseratur
675 1602 761 1643 operi
786 1612 836 1634 res
860 1605 925 1634 tam
950 1601 1048 1643 digna
1070 1602 1236 1634 miraculo.
1277 1602 1422 1634 Floreius
1446 1601 1574 1643 quidam
1594 1601 1722 1633 nomine
1739 1601 1831 1633 homo
1848 1600 1934 1633 eius—

311 1655 382 1687 dem
407 1658 536 1686 sanctac
560 1665 614 1695 pro
638 1654 813 1696 piscatione
837 1653 911 1685 dum
935 1653 967 1685 in
991 1664 1078 1686 mare
1103 1657 1272 1695 satageret,
1301 1655 1409 1686 oborto
1432 1657 1597 1686 ventorum
1621 1653 1755 1694 turbine,
1782 1653 1932 1685 fluctuum

311 1710 458 1747 surgente
490 1706 571 1737 mole
602 1716 661 1737 nec
683 1709 747 1737 tam
772 1708 870 1737 nauta
893 1705 1072 1737 sentinante
1096 1716 1190 1746 quam
1215 1705 1300 1737 unda
1324 1709 1592 1747 supervergente,
1627 1715 1698 1737 cum
1721 1704 1814 1736 navis
1836 1705 1933 1746 plena

310 1759 542 1797 submergeret,
579 1758 610 1789 in
641 1757 841 1789 extremitate
872 1757 1005 1789 clamat:
1041 1758 1159 1789 Sancta
1183 1757 1404 1798 Radegundis,
1439 1758 1514 1790 dum
1545 1757 1602 1789 tibi
1631 1757 1834 1796 oboedimus,
1869 1766 1932 1788 non

310 1810 513 1841 subsidamus
544 1809 728 1849 naufragio,
763 1809 820 1840 sed
851 1809 956 1841 obtine
987 1809 1074 1850 apud
1105 1809 1215 1848 deum,
1251 1813 1285 1841 ut
1308 1810 1480 1841 liberemur
1503 1809 1543 1841 de
1566 1810 1694 1851 pelago.
1742 1807 1812 1846 Quo
1835 1808 1928 1847 dieto,

310 1872 379 1893 mox
405 1862 515 1902 fugata
538 1861 632 1901 nube,
660 1860 785 1893 reddita
808 1861 988 1900 serenitate,
1017 1861 1104 1892 unda
1126 1861 1270 1900 cadente,
1299 1872 1393 1903 prora
1417 1861 1563 1893 surrexit.

399 1922 459 1962 (7»1“’
488 1920 580 1952 Goda
609 1921 719 1962 puella
743 1921 916 1953 saecularis
940 1924 1012 1962 post
1035 1921 1095 1953 deo
1119 1922 1274 1954 monacha
1297 1922 1458 1962 serviens,
1491 1922 1566 1954 dum
1589 1922 1684 1963 longo
1708 1921 1766 1953 sub
1790 1924 1931 1962 tempore

310 1973 391 2004 lecto
415 1972 530 2004 flebilis
555 1972 727 2004 decubaret
750 1976 781 2004 ct
803 1972 939 2014 inpenso
962 1973 1062 2005 multo
1085 1973 1298 2006 medicamine
1321 1974 1394 2015 plus
1417 1974 1595 2015 langueret,
1623 1973 1708 2005 facta
1731 1972 1866 2004 candela
1888 1971 1930 2004 ad

310 2034 488 2055 mensuram
513 2034 590 2055 suae
614 2028 770 2064 staturae,
798 2024 925 2056 domino
949 2025 1121 2057 miserante
1144 2025 1178 2057 in
1201 2025 1327 2057 nominc
1351 2029 1482 2058 sanctae
1505 2025 1659 2065 feminae,
1688 2035 1750 2066 qua
1773 2024 1851 2056 hora
1874 2023 1930 2056 fri-

398 2179 407 2204 1
431 2181 504 2209 fulgit
525 2180 555 2202 1³¹
695 2179 709 2203 2
729 2182 757 2203 ut
777 2179 863 2213 tracta]
882 2181 909 2204 in
929 2184 1005 2205 tracta
1026 2181 1053 2204 M
1191 2182 1205 2205 3
1226 2182 1349 2206 srailindis
1369 2182 1398 2212 L,
1427 2182 1546 2205 sriassedis
1567 2182 1588 2205 E
1726 2179 1788 2214 tam]
1806 2187 1853 2205 om.
1878 2181 1898 2204 Τ

310 2222 411 2255 suedas]
432 2223 488 2252 ML,
510 2223 613 2247 suaedas
634 2223 687 2251 1¹6¹,
708 2230 756 2248 om.
779 2224 832 2254 ET,
853 2224 887 2254 cf.
909 2232 983 2254 supra
1001 2232 1026 2254 p.
1048 2226 1089 2255 42,
1114 2227 1144 2248 16
1261 2225 1275 2248 5
1294 2226 1412 2249 feminam
1434 2225 1463 2248 Pl
1580 2225 1677 2249 letibilo
1698 2225 1745 2255 Ml,
1764 2225 1857 2249 leubilo
1875 2224 1926 2254 PG,

309 2267 401 2289 leobila
421 2267 439 2288 L
581 2267 606 2289 in
626 2274 698 2289 rii-re
719 2267 744 2295 1’,
767 2268 835 2291 irrue
857 2267 904 2298 Ml,
925 2268 1034 2291 irruente
1055 2267 1096 2291 Μ2
1244 2268 1259 2292 u
1277 2270 1307 2292 ab
1327 2267 1480 2301 aduersario]
1499 2269 1638 2293 adnersatio
1659 2268 1704 2298 M¹,
1727 2268 1869 2292 aduersario
1888 2266 1929 2291 M²

309 2312 323 2331 tn
344 2311 472 2332 liberatum
487 2308 533 2332 MG
639 2310 654 2332 t)
674 2311 798 2340 profertur
812 2310 855 2333 LE
959 2312 983 2334 in
998 2312 1126 2341 populum,
1148 2319 1266 2341 superscr.
1282 2312 1290 2335 l
1305 2313 1330 2335 in
1344 2313 1473 2343 puplicum
1487 2312 1516 2342 Ρ,
1538 2313 1562 2335 iu
1576 2313 1704 2342 publicum
1718 2311 1744 2334 M
1848 2319 1863 2334 u
1876 2317 1928 2335 mo-

312 2353 387 2375 nachu
402 2355 474 2382 capul
489 2354 574 2382 incipit
590 2353 633 2375 1AE
738 2352 766 2376 12
787 2355 864 2383 ipsam
879 2352 1013 2386 aegrotam]
1026 2357 1051 2378 et
1065 2362 1146 2384 egram
1159 2356 1238 2385 ipsam
1253 2355 1273 2378 Τ
1368 2356 1429 2379 tecit
1443 2355 1511 2378 LET
1610 2355 1696 2379 cellam
1711 2355 1765 2384 PM,
1782 2355 1871 2379 cellula
1884 2353 1925 2385 (G)

312 2397 340 2419 125
360 2399 442 2426 tapete
463 2396 514 2425 Llc,
538 2396 621 2425 tepida
639 2404 701 2426 aqua
725 2396 745 2418 T
848 2396 908 2429 sola]
928 2405 976 2421 om.
1002 2397 1022 2420 T
1138 2398 1168 2422 1-1
1187 2399 1264 2422 forma
1283 2399 1390 2429 corporis
1410 2398 1437 2421 M
1554 2398 1584 2422 15
1602 2397 1645 2431 ad]
1663 2406 1710 2422 om.
1732 2398 1752 2420 G
1856 2397 1928 2428 plan-

310 2443 346 2462 tas
366 2440 475 2462 infirmae
496 2439 541 2461 LE
661 2440 751 2462 ‹leimle
771 2447 826 2462 cum
847 2440 883 2469 M,
903 2440 959 2463 «lein
980 2448 1028 2470 quo
1050 2441 1069 2463 T
1200 2441 1229 2465 16
1248 2441 1325 2474 dolor]
1345 2449 1392 2466 om.
1415 2441 1442 2464 M
1563 2440 1600 2475 et]
1618 2449 1665 2466 om.
1686 2441 1733 2465 LE
1853 2439 1928 2473 dune]

309 2483 349 2504 ‹liu
373 2482 398 2504 ll!
501 2482 530 2505 ‹le
551 2481 647 2514 tepida]
665 2489 712 2505 om.
735 2483 763 2511 1„
785 2483 814 2505 de
835 2486 918 2513 tapete
940 2484 960 2506 1¹)
1084 2483 1113 2508 17
1134 2485 1224 2508 resecta
1243 2483 1293 2517 est]
1311 2485 1399 2509 refecit
1418 2486 1447 2515 L,
1469 2485 1549 2508 reficit
1569 2485 1591 2508 E
1715 2484 1744 2509 18
1765 2487 1875 2516 speraret
1896 2485 1925 2513 G,

310 2528 463 2554 ›pm-(aretur
482 2525 526 2547 1AE
629 2533 688 2549 sana
706 2526 726 2548 T
833 2525 863 2549 1⁴.»
882 2527 977 2557 deperit
997 2527 1027 2550 de
1045 2528 1134 2551 merito
1152 2528 1172 2550 Τ
1274 2528 1306 2551 20
1325 2528 1441 2551 rebellem
1460 2529 1557 2552 hostem
1574 2529 1594 2551 Τ
1696 2527 1725 2552 21
1747 2527 1784 2561 se]
1803 2535 1851 2551 om.
1868 2527 1894 2550 Μ

311 2566 377 2599 vum]
398 2576 444 2591 vm.
468 2567 494 2590 Μ
598 2571 692 2591 tumore
713 2568 757 2591 LI:
860 2568 892 2592 22
912 2572 1002 2593 terram
1024 2570 1089 2601 [0¹77
1198 2570 1229 2594 23
1249 2572 1371 2594 ceruicem
1390 2571 1436 2594 PE
1538 2574 1577 2595 est
1595 2570 1631 2604 et]
1650 2574 1675 2595 ct
1694 2571 1747 2601 LT,
1767 2571 1855 2594 extitit
1873 2571 1894 2593 E

310 2610 406 2642 maana)
426 2613 463 2633 est
481 2610 539 2633 add.
564 2611 583 2633 Τ
722 2611 752 2634 21
773 2611 844 2644 dum]
865 2612 954 2635 Pal-:T
1087 2614 1172 2643 globus
1192 2614 1243 2643 LE,
1266 2613 1300 2643 cf.
1321 2621 1396 2644 supra
1412 2622 1438 2644 p.
1460 2616 1485 2644 9,
1505 2615 1522 2638 1.
1546 2616 1578 2637 10
1710 2615 1831 2646 penderet
1849 2612 1927 2637 P²LE

310 2653 341 2675 25»
360 2652 439 2685 sorix]
460 2654 536 2683 Wila’,
556 2655 625 2677 uui-ix
643 2654 678 2683 M,
698 2656 806 2678 surrexit
820 2655 850 2681 L,
871 2663 942 2679 sorex
966 2656 1004 2685 'T)
1112 2657 1233 2686 pependit
1253 2658 1278 2680 in
1299 2664 1380 2680 morsu
1396 2657 1416 2679 T
1521 2657 1551 2682 27
1572 2658 1691 2681 miracula
1706 2657 1786 2687 P¹M¹,
1807 2664 1854 2681 om.
1870 2656 1892 2679 E

311 2696 400 2717 fun-ius
422 2695 446 2717 M
567 2695 677 2727 quidam]
697 2698 738 2727 qui
758 2698 850 2721 «licitur
871 2698 919 2720 ΡΜ
1039 2698 1152 2731 nominc]
1170 2706 1216 2723 orn.
1241 2699 1261 2722 T
1395 2699 1427 2724 28
1445 2701 1527 2724 aborta
1547 2704 1677 2725 uentorum
1698 2701 1825 2725 turbidine
1844 2699 1922 2730 P¹M¹,

311 2739 394 2759 abortu
415 2739 457 2760 Ι,Ι;“
579 2740 610 2762 29
631 2739 782 2772 winimanne]
803 2748 828 2763 se
849 2742 934 2764 inante
956 2741 1002 2770 Ml,
1023 2749 1049 2764 se
1069 2742 1197 2765 inuuicnte
1218 2742 1267 2771 Μ’ἒ,
1289 2743 1411 2766 sentinam
1432 2743 1459 2769 L.
1483 2736 1539 2767 sen-t
1559 2744 1580 2766 Ε
1701 2744 1729 2767 31
1752 2744 1885 2767 subdamur
1905 2744 1925 2767 T

311 2780 341 2801 352!
363 2781 440 2802 redita
461 2780 494 2802 <11¹
601 2783 727 2805 vadentem
748 2783 776 2806 1²¹
884 2784 915 2807 :35
935 2788 1044 2807 staturae
1063 2792 1122 2808 suae
1143 2785 1172 2816 1„
1193 2792 1251 2809 suae
1271 2789 1374 2810 naturae
1393 2786 1414 2808 Ε
1517 2786 1637 2821 feminae]
1655 2794 1701 2810 om.
1726 2787 1752 2810 M

1961 715 1988 734 10

1958 973 1986 993 15

1954 1240 1984 1260 20

1953 1498 1983 1519 25

1951 1767 1980 1787 ³0

1949 2033 1978 2053 35
