2038 3036
747 109 838 136 VITA
858 109 971 136 BEATI
990 111 1174 138 MAVRILII.
1729 116 1768 145 93

153 203 258 234 1111111111
283 203 455 243 gloriosum
479 202 654 233 antistitem
679 212 768 234 51111111
794 208 866 244 post
889 204 1057 245 septimum
1082 205 1289 246 depositionis
1314 216 1430 237 annum
1455 210 1609 237 mortuum
1634 207 1770 237 resusci—

152 254 267 285 taverit
290 264 432 294 puerum,
461 253 539 284 satis
563 254 692 284 credere
717 264 895 294 possumus,
924 265 1000 286 sane
1024 256 1115 287 beato
1139 260 1275 288 testante
1300 267 1383 297 papa
1401 257 1569 297 Gregorio:
1601 258 1684 287 Fides
1713 268 1768 287 tlon

152 306 238 335 hahet
270 307 425 341 meritum,
459 305 508 334 cui
529 305 664 334 lzwnzmo
689 307 765 334 ratio
787 306 908 344 praebet
933 309 1183 346 [arpersmetllum.
1241 310 1295 347 ¹751,
1324 308 1511 339 Miraculum
1536 318 1609 348 ergo
1633 308 1685 348 qui
1708 318 1770 339 nou

152 356 238 387 istud
269 356 357 387 firme
388 355 574 386 crediderit.
611 355 694 395 qnod
724 356 756 386 in
788 356 906 388 sanctis
930 361 961 388 et
984 368 1039 398 per
1063 361 1188 389 sanctos
1212 368 1286 389 suos
1309 359 1374 390 alia
1396 359 1496 390 multa
1519 369 1600 398 quac
1624 362 1655 390 et
1678 369 1771 399 prae—

120 419 131 436 5
152 408 297 438 misimus
322 406 467 437 dominus
490 405 613 446 operari
638 406 789 445 dignatus
814 407 854 438 sit
877 417 1002 448 semper
1025 412 1055 439 et
1079 413 1234 449 operetur,
1261 420 1461 450 nequaquam
1486 410 1614 441 credere
1637 410 1767 441 valebit.

104 672 130 691 to

104 928 130 946 15

103 1182 114 1202 2
120 1183 131 1200 0

101 1438 130 1458 25

103 1695 130 1714 30

103 1952 114 1970 3
121 1952 132 1970 5

103 2206 132 2225 40

242 460 303 497 76)
332 457 540 488 Beatissimus
564 456 661 496 igitur
676 457 852 497 Maurilius,
881 459 1007 499 expleto
1031 464 1161 492 sanctae
1185 461 1428 501 sollempnitatis
1452 461 1598 501 capitello
1622 461 1771 501 obituque

152 509 241 550 pueri
265 508 319 548 qui
343 509 464 547 absque
489 508 668 539 carismatis
692 508 773 539 (10110
798 513 980 541 excesserat
1002 511 1203 550 pei-cognito,
1239 515 1336 542 totum
1361 512 1393 542 id
1418 522 1494 543 suae
1519 511 1690 543 desitudini
1715 512 1771 543 de-

151 559 274 601 putavit
304 559 444 590 lacrimis
473 559 572 590 multo
602 562 744 599 tempore
775 559 1069 592 inremediabilibus
1100 572 1177 593 suae
1208 563 1333 602 culpam
1364 563 1479 602 lugens
1503 562 1767 594 inoboedientiae.

152 611 211 642 Cui
242 621 313 642 cum
344 620 402 641 nec
431 610 493 641 ista
524 609 722 641 sufficerent.
757 611 811 641 diu
841 611 1036 651 multumque
1065 613 1141 651 quid
1172 616 1282 653 ageret
1309 623 1414 644 secum
1439 614 1543 645 animo
1567 614 1766 652 colluctante,

150 661 280 693 tandem
310 661 466 702 repperit,
501 660 587 701 quod
609 660 691 692 10101
715 662 859 693 concives
882 666 990 693 tantae
1014 663 1237 703 neglegentiae
1260 664 1420 704 piaculum
1444 665 1538 705 plene
1562 664 1691 704 expiare
1715 674 1771 695 ne-

151 713 269 752 quiret,
305 712 337 743 ni
368 712 541 752 singularis
566 712 695 752 elapsus
720 712 855 752 patriam
880 713 1039 753 propriam
1064 714 1211 754 civesque
1236 715 1438 754 relinqueret.
1492 717 1549 755 (77ss
1579 715 1650 746 Tali
1674 715 1771 755 igitur

151 768 274 804 reperto
305 763 454 799 consilio,
489 763 611 794 occulte
642 762 757 794 exinde
790 768 890 795 semet
921 764 1025 805 ipsum
1057 765 1235 805 011111111οΧ
1260 768 1439 796 sanctorum
1464 765 1622 805 reliquiis,
1658 766 1771 805 quibus

151 819 262 846 sancta
278 814 519 846 Andecavensis
542 817 644 845 mater
667 814 804 845 ecclesia
828 814 1046 853 decorabatur,
1075 825 1181 846 secum
1206 816 1313 847 claves
1337 819 1520 856 exportans.
1562 816 1639 847 Cum
1664 820 1770 847 autem

151 865 350 906 pervenisset
379 865 421 896 ad
451 875 554 897 mare.
591 865 700 896 divina
729 865 955 906 omnipotentis
986 866 1036 897 dei
1068 866 1254 907 providente
1285 867 1454 898 clementia
1486 867 1539 906 qui
1570 867 1718 898 manebat
1741 867 1771 897 in

152 917 242 948 litore
267 916 352 948 diem
375 916 528 947 transitus
552 916 601 947 sui
625 916 770 947 exaravit
792 915 824 947 in
849 917 954 957 lapide
978 917 1084 957 sicque
1108 927 1244 948 ascensa
1266 918 1369 958 puppi
1392 918 1530 949 inchoati
1554 918 1676 949 itineris
1701 928 1771 949 coe—

151 968 197 1008 pit
227 971 400 998 maturator
429 967 577 998 existere.
632 968 689 1006 178)
719 966 861 1006 Cumque
886 968 1094 1008 processisset
1117 968 1150 998 in
1173 969 1273 999 altum
1300 972 1330 999 ct
1353 979 1451 1008 quare
1475 968 1680 1009 reliquiarum
1705 969 1771 999 cla—

151 1028 207 1050 ves
239 1028 345 1050 secum
377 1018 527 1049 detulerit
557 1018 728 1058 cogitaret,
760 1018 931 1050 insidiante
963 1019 1091 1050 humani
1115 1020 1243 1059 generis
1267 1020 1408 1059 inimico,
1444 1024 1477 1051 ut
1501 1020 1640 1051 dolorem
1664 1024 1771 1051 sancto

151 1070 218 1101 viro
249 1080 345 1111 super
374 1070 514 1101 dolorem
543 1070 734 1111 imponeret,
770 1074 899 1111 repente
933 1071 1041 1102 claves
1072 1071 1111 1102 de
1142 1071 1288 1102 manibus
1318 1071 1448 1111 elapsae
1473 1071 1717 1111 submerguntur
1739 1071 1771 1102 in

151 1131 299 1161 aequore.
343 1122 432 1152 Tunc
455 1131 525 1152 cum
549 1121 689 1153 lacrimis
713 1121 746 1152 id
769 1121 869 1152 fertur
892 1122 1089 1153 exclamasse
1113 1122 1287 1160 Maurilius,
1315 1122 1399 1162 quod
1424 1125 1535 1162 postea
1558 1121 1603 1152 rei
1626 1121 1773 1162 probavit

153 1177 302 1204 eventus:
344 1173 432 1210 Nisi,
466 1172 585 1212 inquit,
619 1172 678 1203 has
706 1172 818 1203 iterum
851 1173 959 1204 claves
987 1172 1097 1204 videre
1127 1183 1288 1212 meruero,
1323 1173 1459 1214 patriam
1490 1174 1661 1212 urbemque
1691 1183 1772 1204 nun-

151 1234 244 1263 quan]
269 1227 410 1265 repetam
434 1233 529 1263 quam
553 1223 684 1263 effugio.
737 1224 797 1263 (79)
826 1224 1027 1255 Transmisso
1051 1224 1149 1264 igitur
1172 1224 1263 1263 mari,
1290 1234 1351 1264 quo
1374 1224 1444 1264 quis
1469 1228 1553 1255 05501
1576 1224 1772 1255 abscondere

151 1274 315 1314 potuisset,
343 1278 463 1306 mutato
486 1274 597 1306 habitu
622 1274 676 1305 uni
700 1274 837 1314 regionis
861 1275 1037 1315 principum
1062 1275 1220 1314 adhaesit,
1249 1275 1411 1316 professus
1435 1285 1469 1306 se
1493 1275 1666 1306 ortolanum
1692 1275 1768 1311 fore,

151 1326 299 1365 quatinus
323 1335 436 1366 corpus
459 1325 544 1366 quod
567 1325 710 1362 ieiuniis,
745 1325 867 1365 vigiliis
892 1329 922 1357 et
945 1326 1140 1357 orationibus
1165 1326 1323 1366 castigare
1347 1326 1549 1365 decreverat,
1584 1336 1623 1356 110
1646 1336 1685 1356 ex
1708 1328 1771 1356 toto

152 1376 287 1408 deficere
312 1377 475 1418 potuisset,
504 1377 630 1417 proprio
654 1377 763 1408 labore
786 1376 938 1417 pavisset.
992 1378 1051 1417 (So)
1081 1377 1141 1415 Qui
1166 1387 1237 1408 cum
1259 1377 1316 1408 tali
1340 1377 1565 1418 praeficeretur
1584 1376 1766 1414 ministerio,

151 1432 271 1459 tantam
302 1428 426 1469 copiam
456 1428 525 1459 eius
555 1427 674 1459 meritis
705 1427 850 1459 dominus
881 1427 1043 1459 holeribus
1074 1428 1186 1466 dabat⁷
1223 1431 1257 1459 ut
1285 1432 1316 1459 et
1346 1428 1492 1459 omnibus
1522 1428 1771 1467 quibuscumque

151 1489 283 1511 necesse
313 1479 417 1510 fuerat
447 1489 486 1510 ex
515 1479 636 1510 eisdem
668 1478 863 1510 sufficienter
892 1478 1043 1510 tribueret
1073 1482 1105 1510 01
1135 1483 1241 1510 tamen
1271 1479 1380 1510 holera
1403 1489 1564 1518 nunquam
1589 1478 1769 1509 deficerent.

152 1530 241 1562 Vnde
266 1530 468 1571 perpluribus
491 1530 642 1570 placebat
665 1533 696 1560 et
718 1540 820 1570 paene
845 1530 886 1560 ab
910 1529 1055 1561 omnibus
1078 1530 1257 1561 amabatur.

244 1583 302 1620 (51)
335 1581 462 1613 Interea
493 1581 584 1622 plebs
614 1580 857 1612 Andecavorum
890 1591 906 1612 0
935 1581 1070 1612 0110111115
1101 1581 1161 1612 sibi
1193 1581 1351 1621 quondam
1382 1581 1455 1612 dato
1485 1580 1617 1611 viduata
1646 1583 1772 1621 pastore

151 1643 213 1664 11011
244 1632 373 1664 01101010
404 1642 522 1673 pavore
554 1632 738 1674 percellitur
768 1632 949 1671 crebrisque
978 1632 1154 1663 visionibus
1179 1632 1332 1671 minatur,
1366 1642 1519 1672 persaepe
1544 1631 1639 1662 etiam
1663 1631 1774 1662 admo—

152 1688 261 1723 netur,
296 1683 341 1715 uti
372 1683 533 1725 proprium
564 1686 722 1724 pastorem
752 1683 998 1723 circumquaque
1022 1683 1256 1724 perquirerent,
1289 1682 1413 1723 nisique
1437 1683 1602 1714 Maurilius
1625 1682 1772 1713 inventus

153 1745 229 1766 suae
254 1735 440 1766 redderetur
463 1734 635 1771 ecclesiae,
666 1734 776 1765 urbem
800 1734 1008 1765 Andecavam
1032 1734 1098 1765 fore
1123 1734 1257 1765 celerius
1281 1734 1540 1765 subvertendam.
1594 1735 1651 1773 (821
1682 1733 1772 1764 Vnde

153 1786 296 1817 eiusdem
324 1785 463 1825 regionis
494 1789 560 1816 tota
589 1785 739 1816 nobilitas
769 1785 827 1816 sed
858 1789 889 1816 et
918 1785 1060 1825 vulgaris
1091 1785 1280 1816 inmensitas
1311 1785 1478 1816 collatione
1508 1785 1592 1816 facta
1619 1785 1653 1815 111
1677 1795 1771 1815 unum

153 1847 267 1869 venere
292 1837 454 1868 decretum
478 1837 635 1876 eligentes
658 1846 675 1867 e
700 1836 883 1867 concivibus
906 1838 1053 1876 quattuor
1076 1835 1214 1867 diffusae
1230 1835 1355 1867 virtutis
1371 1846 1408 1867 ac
1424 1835 1500 1867 fidci
1515 1836 1610 1866 viros.
1651 1835 1772 1872 Quibus

152 1889 206 1928 qui
237 1886 411 1920 necessarii
440 1888 483 1919 ad
513 1887 594 1919 tanti
622 1887 744 1918 itineris
775 1891 865 1918 erant
893 1887 1073 1928 supplenda
1096 1887 1239 1927 negotia,
1275 1887 1453 1928 sumptibus
1477 1897 1516 1918 ex
1540 1890 1611 1918 voto
1635 1887 1768 1925 collatis,

153 1940 363 1981 praecipiunt,
383 1950 422 1970 110
439 1949 588 1978 umquam
605 1942 845 1975 reverterentur,
867 1938 899 1969 01
915 1938 1001 1979 111-1115
1017 1938 1178 1979 proprium
1194 1938 1391 1969 invenissent
1406 1941 1583 1978 patronum.
1630 1938 1685 1977 (5:37
1711 1937 1772 1975 Qui

153 1991 253 2022 functi
277 1990 435 2031 legatione
459 1994 490 2021 et
514 1989 659 2021 devotius
682 1989 771 2020 iussa
795 1992 966 2029 sequentes
989 1990 1083 2020 urbes
1107 1999 1217 2021 010005
1241 1989 1421 2029 oppidaque
1445 1989 1495 2020 vel
1520 1989 1606 2020 vicos
1629 1992 1771 2029 praeter-

152 2043 274 2082 legunt.
324 2041 479 2081 Omnique
510 2041 576 2072 fere
600 2041 726 2081 Europa
748 2040 898 2079 circuita,
933 2041 1066 2081 septimo
1091 2040 1219 2071 tandem
1242 2040 1275 2071 in
1298 2043 1404 2081 partes
1429 2040 1555 2071 Galliae
1579 2043 1772 2071 revertentes

153 2103 235 2124 anno
265 2096 296 2124 et
325 2092 454 2123 minime
485 2102 578 2132 quem
602 2092 797 2131 quaerebant
820 2091 964 2131 invento,
999 2091 1107 2122 divino
1132 2091 1228 2122 ductu
1251 2091 1294 2122 ad
1317 2095 1439 2131 portum
1464 2091 1574 2122 oceani
1599 2091 1694 2121 maris
1719 2091 1771 2130 11111

152 2145 185 2175 10
208 2144 374 2176 Britannia
396 2147 504 2174 manet
526 2143 638 2174 minori
663 2152 755 2174 cursu
778 2142 872 2173 avido
896 2146 1122 2183 pervenerunt,
1159 2143 1308 2182 quatinus
1332 2142 1377 2173 cis
1401 2152 1488 2173 mare
1512 2152 1605 2182 quem
1628 2142 1770 2173 invenire

153 2206 214 2226 000
242 2199 387 2236 poterant
415 2198 502 2225 trans
530 2204 617 2225 mare
647 2203 800 2233 quaerere
830 2193 1014 2225 niterentur.
1068 2194 1127 2233 (84)
1154 2193 1389 2224 Praestolantes
1413 2193 1510 2233 igitur
1537 2203 1667 2232 navem,
1701 2203 1771 2224 cum

154 2256 215 2287 qua
246 2250 390 2286 coeptum
420 2246 549 2286 explere
580 2245 724 2276 valerent
752 2245 955 2285 obsequium,
990 2244 1063 2275 dum
1095 2244 1272 2275 residerent
1301 2244 1332 2274 in
1362 2244 1471 2283 litore,
1506 2244 1656 2284 scriptum
1688 2244 1771 2283 quod

154 2307 248 2338 supra
284 2297 421 2328 diximus
452 2297 643 2328 invenerunt
671 2296 703 2326 in
734 2295 840 2326 silice:
879 2296 938 2326 Hic
965 2296 1090 2326 transiit
1121 2295 1287 2326 Mam-ilius
1318 2296 1558 2326 Andecavorum
1589 2295 1768 2335 episcopus.

154 2349 201 2380 De
232 2352 296 2380 tam
328 2348 467 2380 evidenti
498 2348 595 2388 igitur
618 2348 742 2379 alacres
766 2347 872 2378 effecti
896 2347 1006 2378 inditio
1030 2351 1116 2377 trans
1140 2350 1269 2386 pontum
1293 2346 1400 2377 abiere
1424 2346 1538 2377 securi.
1590 2348 1649 2385 {ssi
1678 2345 1771 2376 Haud

154 2401 248 2440 longe
278 2404 384 2431 autem
416 2399 522 2430 adhuc
553 2402 624 2430 acta
648 2398 765 2439 puppis
788 2408 807 2429 a
831 2398 936 2432 litore,
973 2408 1041 2429 cum
1066 2397 1146 2428 lenis
1170 2397 1297 2429 flatibus
1321 2401 1352 2428 et
1374 2397 1514 2437 pendulo
1538 2397 1608 2428 velo
1631 2406 1668 2427 ac
1692 2397 1770 2427 mari

241 2528 255 2551 2
279 2530 349 2557 (iv-ey.
372 2527 406 2551 M.
427 2528 489 2551 hom.
511 2529 536 2550 in
555 2535 641 2556 evany.
665 2528 701 2551 Il,
725 2528 755 2549 :¹6
779 2527 878 2556 fl.lIiy⁷1.e,
904 2527 970 2549 Patr.
992 2527 1035 2548 lul.
1057 2526 1173 2554 LXXVI,
1196 2529 1218 2555 2,
1238 2534 1263 2555 p.
1283 2527 1366 2554 1197).

242 2571 254 2592 Τ
276 2572 370 2600 Sulpie.
392 2571 446 2594 Sev.
473 2571 498 2594 V.
521 2571 546 2594 S.
570 2571 672 2593 Martini
692 2570 774 2599 Praef.
797 2572 812 2597 ,ς’
833 2571 862 2591 5:
889 2572 969 2592 totum
988 2570 1011 2591 id
1031 2569 1198 2592 desuetudine
1221 2569 1372 2591 ³desitudine
1391 2568 1460 2592 codd.
1484 2568 1552 2596 dett.)
1574 2569 1636 2591 tanti
1657 2570 1772 2598 temporis

156 2614 328 2644 perdidissem.

243 2734 274 2757 25»
294 2734 435 2764 proeellitur
456 2733 476 2755 P
580 2734 611 2756 39
630 2733 765 2755 brittannia
788 2734 807 2753 (ι’
