2038 3036
235 254 289 284 vll

211 864 282 894 wll

313 162 352 190 52
919 152 1085 179 x'ENAx'rl
1107 150 1325 178 FoRTVNATl

414 254 450 282 Ἠ
493 251 662 281 Veniamus
686 249 726 280 ad
752 248 831 279 illud
857 247 1042 278 miraculum
1066 245 1241 277 secundum
1266 245 1375 277 ordine
1399 256 1460 277 non
1484 246 1612 278 honore.
1655 246 1767 286 Itaque
1791 256 1862 278 enm
1886 247 1935 278 vir

311 303 527 334 sanctissimus
558 300 694 339 ipiatlam
728 299 795 330 vice
827 309 864 329 cx
895 298 942 328 sui
974 297 1070 328 ot'ticii
1095 296 1247 328 servitute
1271 306 1387 337 aquam
1411 297 1557 328 manibus
1582 296 1760 329 venerabili
1783 297 1933 338 episcopo

312 354 517 395 porrexisset.
554 361 623 382 mox
656 350 729 381 inde
761 350 903 380 balsama
931 352 1102 389 coeperunt
1127 347 1280 387 flagrare,
1315 352 1346 380 ct
1368 348 1443 380 dum
1468 347 1554 379 unda
1578 351 1734 387 curreret⁷
1767 349 1838 380 visa
1860 353 1933 380 sunt

311 405 458 435 t-riauata
484 403 649 443 respirare.
678 406 710 432 ut
734 410 813 441 pene
839 400 980 441 pontifex
1005 399 1147 430 crederet
1171 408 1205 430 se
1229 409 1341 430 manns
1365 399 1468 440 magis
1493 409 1634 440 unguere
1658 409 1753 440 quam
1777 399 1886 432 lavare
1903 404 1933 432 et

309 456 426 486 alteras
457 464 557 493 aquas
587 457 770 492 ‹piac-reret.
807 456 840 482 ut
870 451 990 491 priores
1015 450 1118 481 undas
1141 450 1296 482 ablueret.
1360 452 1405 481 25'
1438 450 1507 488 Quo
1530 451 1598 482 viso
1623 450 1774 482 sacerdos
1796 461 1933 483 venera-

311 506 415 536 uilia-r
445 505 672 545 obstupescens
703 503 762 534 ilco
792 503 912 541 gratias
943 502 982 533 de
1015 505 1164 543 conperto
1192 511 1324 533 munere
1354 502 1462 534 retulit
1491 505 1523 533 et
1553 502 1646 533 beato
1669 501 1820 534 Marcello
1843 512 1932 534 reve-

310 557 439 587 rentiam
472 555 511 586 dc
543 555 696 594 religione
721 554 876 585 servavit.
913 553 986 584 dum
1013 563 1084 584 eum
1109 562 1170 584 non
1194 553 1290 584 talem
1315 553 1368 593 qui
1392 553 1525 585 serviret
1549 553 1606 585 scd
1630 553 1734 594 potius
1758 553 1808 585 cui
1831 554 1934 585 servi-

310 614 393 638 retur
422 607 561 645 agnovit.
633 607 672 635 20
712 605 801 636 Vnde
836 605 906 644 quis
941 608 1063 635 tanturn
1099 603 1326 635 subdiaconem
1361 604 1536 636 admiretur
1570 604 1745 645 condigne,
1783 605 1814 636 in
1845 605 1933 636 cuius

309 659 439 690 ‹lt-,xtcra
470 668 508 688 cx
537 668 619 697 aqua
644 657 762 688 tit-bant
786 656 861 686 vina
887 656 935 687 vel
962 656 1107 687 balsama
1130 659 1161 686 et
1185 655 1340 687 undarum
1365 656 1468 696 pallor
1491 660 1547 688 aut
1569 656 1602 687 in
1626 656 1738 688 rubore
1762 666 1933 688 conversus

308 716 354 741 c<t
389 715 441 740 aut
476 709 593 740 «ul-‚rev
639 708 704 739 Iam
739 712 812 738 tunc
844 707 909 738 illis
939 707 1216 748 praefigurabatur
1246 706 1374 738 indiciis
1403 707 1526 739 futurus
1556 707 1699 748 pontifex
1730 708 1784 748 qui
1815 707 1933 748 diguus

308 768 390 792 css-ct
416 761 530 791 crisma
554 764 704 791 tractare.
739 763 769 790 ct
793 769 863 790 cum
887 758 992 790 adhuc
1017 758 1230 790 subdiaconus
1255 758 1416 790 hausisset
1439 758 1554 790 crisma
1578 758 1618 790 de
1641 758 1786 796 flumine,
1821 759 1932 791 merito

307 813 422 850 ‹lig-*nus
446 818 522 843 crat.
551 817 583 842 ut
608 812 709 842 tactus
733 810 882 841 sacerdos
907 810 966 841 hoc
991 809 1183 841 sacrificaret
1206 809 1238 840 iu
1264 810 1362 841 fonte.

398 865 446 893 ¹27
489 862 571 893 Illud
603 871 725 902 quoque
758 861 943 901 mysterium
968 861 1093 892 reticeri
1117 871 1178 892 non
1204 860 1315 892 debet.
1350 859 1434 900 quod
1458 860 1581 901 proficit
1605 861 1758 894 auditori.
1794 861 1869 901 quia
1893 861 1932 893 de

308 915 416 955 paucis
447 925 528 954 quac
561 913 710 944 memoria
740 913 921 944 recoluntur
949 911 1103 952 quidquid
1135 912 1253 944 dictum
1279 922 1340 943 non
1364 911 1459 943 suerit
1481 916 1535 943 aut
1558 911 1694 944 invideri
1717 912 1856 944 creditur
1877 917 1933 944 aut

307 966 475 996 contcumi.
551 967 597 999 25.
632 965 733 1003 Igitur
766 963 896 1004 qnidam
934 963 1069 995 clericus
1104 963 1280 995 Nonnicius
1315 963 1441 994 nomine
1475 973 1628 995 annorum
1662 963 1786 996 circiter
1820 963 1930 996 decem

307 1023 432 1058 propter
462 1016 671 1048 suavissimae
702 1016 788 1047 vocis
816 1015 1008 1047 tinuibulum
1041 1019 1072 1047 et
1102 1014 1283 1046 dulcedinis
1306 1025 1461 1055 organum
1485 1014 1525 1046 de
1549 1014 1640 1046 fauce
1663 1015 1837 1056 prolatum,
1870 1025 1934 1056 qua

306 1068 508 1107 contingebat
531 1067 652 1098 animos
677 1067 785 1108 populi
809 1066 972 1098 delectari.
1001 1076 1071 1098 eum
1095 1076 1283 1108 repercussa
1305 1066 1339 1097 in
1363 1065 1494 1097 auribus
1519 1066 1614 1098 solita
1637 1071 1722 1098 esset
1744 1076 1823 1098 aura
1839 1066 1933 1098 blan-

306 1120 383 1150 dire.
411 1119 516 1150 iussus
540 1113 587 1150 cst
611 1119 651 1149 ab
675 1118 901 1150 archidiacone
926 1117 1049 1149 mellita
1072 1117 1287 1149 teneritudine
1311 1117 1494 1149 decantare.
1547 1118 1605 1158 (29Χ
1636 1117 1704 1156 Quo
1728 1117 1813 1150 facto
1837 1128 1932 1159 prae-

305 1171 387 1211 ccpit
415 1170 518 1211 ipsum
549 1180 680 1211 puerum
711 1170 879 1211 episcopus
912 1169 1070 1209 flagellari
1101 1169 1141 1200 ob
1171 1169 1247 1200 hoc.
1280 1169 1355 1209 quia
1378 1169 1513 1201 alterum
1537 1169 1675 1201 iusserat
1697 1169 1766 1211 ipse
1790 1173 1929 1201 cantare.

307 1222 414 1262 ltaque
446 1221 519 1253 dum
551 1221 686 1252 clericus
718 1221 877 1259 caeditur,
912 1221 1081 1262 episcopus
1106 1220 1216 1261 lingua
1241 1220 1422 1252 damnatur.
1470 1220 1544 1251 Mox
1568 1221 1651 1252 enim
1676 1225 1711 1252 ut
1733 1221 1852 1253 clamor
1874 1231 1932 1252 va-

306 1273 445 1314 pulantis
469 1273 500 1304 in
524 1283 600 1304 anre
625 1273 747 1305 sonuit.
776 1282 837 1304 vox
862 1273 902 1303 ab
927 1282 979 1303 ore
1004 1272 1153 1304 discessit
1176 1276 1208 1304 et
1230 1282 1310 1303 novo
1334 1271 1494 1313 praedone
1519 1281 1630 1303 sonum
1655 1272 1829 1314 captivavit
1853 1282 1932 1314 pon-

304 1325 395 1355 titicisv
420 1334 479 1355 vox
504 1324 645 1355 infantis.
702 1326 757 1363 ,Ἦν
788 1323 852 1355 Sed
876 1323 901 1355 si
927 1333 1023 1355 causa
1042 1323 1118 1355 facti
1136 1323 1315 1364 requiritur,
1344 1333 1398 1354 cur
1414 1323 1593 1364 contigerit,
1620 1323 1790 1356 invenitur.
1831 1323 1931 1356 Deni-

304 1386 363 1415 que
393 1376 445 1416 qui
477 1385 608 1416 puerum
640 1380 769 1407 cantare
799 1375 974 1416 prohibuit,
1011 1375 1141 1416 pertulit
1164 1374 1251 1406 vocis
1275 1374 1465 1416 dispendia,
1500 1375 1576 1415 quia
1598 1375 1730 1407 vocibus
1753 1375 1928 1407 invidebat.

304 1427 361 1458 Cui
386 1438 460 1467 ergo
485 1437 546 1458 non
563 1431 654 1459 nocet
669 1426 800 1465 invidi&
830 1427 855 1457 si
873 1426 1024 1467 episcopo
1041 1436 1103 1457 non
1120 1426 1263 1468 pepercit
1278 1426 1442 1466 vindicta?
1492 1427 1550 1465 [313
1580 1426 1670 1458 Vnde
1687 1426 1832 1467 quisquis
1847 1426 1932 1467 quod

304 1479 334 1509 iu
365 1479 498 1510 alterum
532 1478 640 1510 videre
670 1488 731 1509 non
761 1478 847 1519 cupit
876 1488 938 1509 non
968 1478 1111 1517 habebit,
1146 1477 1242 1509 immo
1273 1477 1331 1509 hoc
1355 1477 1415 1509 sibi
1439 1477 1579 1518 denegat
1601 1477 1686 1518 quod
1709 1478 1790 1509 alios
1813 1478 1931 1510 habere

304 1541 362 1560 non
389 1533 486 1570 optat.
537 1530 646 1561 Omnis
670 1530 754 1561 enim
779 1529 833 1569 qui
857 1529 951 1561 alteri
975 1529 1102 1570 lapsum
1127 1532 1218 1570 parat
1243 1528 1307 1560 iam
1331 1528 1463 1568 cecidit.
1497 1532 1528 1561 et
1551 1533 1722 1569 antequam
1745 1529 1876 1561 inducat
1898 1529 1931 1560 in

304 1582 469 1621 laqueum.
507 1585 632 1612 tenetur
662 1581 732 1622 ipse
761 1581 943 1622 captivante
974 1584 1107 1622 peccato
1140 1580 1273 1621 ligatuS,
1307 1590 1378 1611 cum
1409 1580 1512 1621 magis
1544 1580 1571 1612 si
1601 1580 1755 1622 proficere
1784 1580 1931 1612 volumus

303 1633 435 1664 alituum
472 1633 632 1673 profectus
666 1636 792 1663 nostros
827 1642 899 1664 esse
935 1631 1114 1663 credamus.
1176 1633 1231 1665 ,32‘
1264 1631 1375 1672 Itaque
1406 1631 1491 1663 idem
1523 1631 1674 1663 sacerdos
1705 1641 1763 1672 per
1791 1631 1929 1663 triduum

303 1684 361 1715 etsi
392 1684 618 1715 deambulabat
646 1693 702 1725 per
732 1683 886 1724 compita.
920 1688 1027 1715 tamen
1060 1683 1185 1714 iacebat
1216 1683 1327 1723 lingua
1358 1683 1496 1724 sepulta.
1545 1683 1616 1714 Non
1647 1683 1731 1714 enim
1755 1692 1852 1714 sonus
1873 1693 1931 1724 po-

303 1740 383 1767 terat
415 1745 601 1776 repercussa
631 1735 728 1776 palati
759 1744 886 1766 camera
918 1735 1074 1766 resultare
1098 1744 1156 1766 nee
1179 1734 1263 1765 intra
1287 1744 1395 1775 sepem
1419 1734 1562 1766 dentium
1586 1744 1648 1765 vox
1673 1734 1784 1774 lingua
1807 1737 1930 1766 rotante

303 1786 446 1827 disponi,
481 1787 537 1818 sed
569 1791 666 1818 totum
696 1786 781 1827 quod
804 1786 990 1828 perdiderat
1013 1795 1066 1817 ore
1090 1790 1176 1817 muto
1200 1785 1368 1827 prodebat.
1422 1786 1480 1825 (33)
1509 1786 1599 1817 Tunc
1622 1786 1736 1817 beatus
1759 1785 1929 1817 Marcellus

304 1838 351 1868 hi>-
382 1838 488 1869 verbis
519 1838 663 1879 appellat
693 1837 890 1879 pontificem:
926 1837 1015 1869 Licet
1045 1837 1248 1877 intellegam,
1284 1841 1392 1878 pastor
1415 1837 1514 1877 bone,
1549 1837 1607 1869 tibi
1636 1837 1733 1869 talem
1757 1846 1866 1869 casum
1890 1837 1929 1868 de

303 1890 396 1929 culpa
427 1889 571 1921 venisse.
605 1893 712 1921 tamen
743 1889 899 1930 quidquid
930 1888 978 1920 vis
1001 1888 1035 1920 in
1058 1888 1186 1920 nomine
1211 1888 1331 1920 domini
1355 1898 1500 1920 sermone
1525 1898 1707 1930 prorumpe.
1754 1888 1814 1920 His
1837 1888 1930 1921 dictis

302 1940 406 1971 adhuc
435 1941 519 1972 beati
544 1940 685 1972 Marcelli
716 1950 818 1972 sermo
850 1940 1037 1972 volvebatur
1066 1940 1099 1971 in
1129 1949 1182 1971 ore
1213 1943 1245 1971 et
1274 1940 1337 1971 iam
1369 1940 1454 1980 quod
1484 1940 1699 1981 imperaverat
1727 1939 1925 1972 oboediebat.

319 1994 355 2021 :24
404 1991 526 2023 Deinde
556 1997 725 2032 antequam
756 1992 817 2023 iste
846 1991 1037 2032 explicaret,
1072 1991 1128 2023 ille
1158 1990 1322 2032 respondit
1352 1991 1482 2023 dicens:
1516 1991 1580 2023 Vos
1611 1991 1688 2022 mihi
1718 1991 1777 2023 hoc
1808 1990 1929 2023 fecistis

301 2053 432 2082 quorum
464 2043 561 2074 iussio
592 2043 666 2074 suit.
703 2048 735 2074 ut
765 2044 846 2075 alter
876 2047 1018 2075 cantaret
1041 2052 1136 2083 quam
1160 2052 1220 2083 ego
1243 2052 1483 2084 praeceperam.
1531 2043 1572 2074 Et
1594 2042 1669 2074 dum
1692 2042 1755 2074 ista
1777 2042 1924 2082 loquitur⁷

302 2094 439 2125 amissae
464 2094 549 2125 russis
573 2094 675 2133 gratia
700 2094 900 2126 reformatur.
954 2094 1015 2133 (35)
1044 2094 1070 2125 Ο
1087 2094 1232 2125 meritum
1250 2093 1446 2129 subdiaconi,
1475 2094 1528 2134 qui
1545 2103 1654 2126 vocem
1670 2094 1807 2126 restituit
1823 2103 1929 2125 saeer-

303 2144 366 2175 doti
398 2149 428 2176 et
458 2155 550 2176 versa
575 2145 643 2176 vice
668 2145 750 2185 quod
775 2146 920 2187 accipere
945 2145 1055 2177 debuit
1078 2145 1138 2176 hoc
1161 2145 1308 2183 indulsit,
1344 2145 1398 2185 qui
1422 2145 1546 2177 debiles
1570 2145 1681 2177 fauces
1704 2145 1841 2176 armavit
1863 2145 1928 2176 elo-

391 2275 398 2297 l
422 2274 519 2307 ordint-j
539 2276 563 2297 in
583 2275 667 2297 urdine
689 2276 708 2297 F
829 2283 883 2298 cnm
903 2277 956 2304 post
978 2275 1151 2298 sanctissimus
1171 2281 1290 2304 ευμεν-εον.
1314 2274 1348 2296 F¹
1473 2274 1487 2298 2
1506 2281 1537 2297 ex
1558 2272 1609 2306 sui]
1627 2275 1688 2298 exui
1709 2274 1730 2297 P
1851 2273 1866 2298 3
1885 2281 1928 2297 ex-

303 2318 358 2339 iuvi-.—
380 2317 399 2338 F
547 2321 561 2341 δ
581 2318 758 2340 subdiaconum
792 2318 812 2340 P
973 2318 988 2341 9
1007 2319 1121 2341 ruborem
1140 2330 1173 2334 —
1195 2317 1225 2340 10
1244 2317 1343 2340 odorem
1364 2317 1403 2344 <Pi
1562 2317 1592 2341 ¹0
1612 2318 1726 2340 futurum
1745 2318 1887 2347 pontificem
1908 2317 1929 2339 F

305 2360 328 2382 ll
352 2358 388 2391 et]
408 2360 448 2382 scd
469 2361 556 2383 surius
704 2361 787 2383 hausit
806 2361 827 2382 F
984 2360 1013 2384 12
1033 2358 1135 2392 dignus]
1156 2367 1202 2384 om.
1222 2361 1242 2383 F
1388 2358 1428 2392 ut]
1447 2363 1472 2383 et
1492 2361 1513 2383 F
1659 2360 1786 2386 sc‘rfloaret.
1808 2367 1858 2384 ras.
1878 2363 1888 2383 t
1907 2360 1929 2382 Γ

305 2402 332 2424 lii
352 2403 505 2425 riu-litoribus
525 2404 566 2432 qffl
587 2410 650 2432 quae
670 2404 786 2426 momoria
807 2404 828 2425 F
960 2403 988 2426 15
1010 2402 1154 2435 nonnicius]
1174 2403 1202 2432 F,
1225 2403 1355 2426 nonnitius
1374 2403 1402 2431 P,
1425 2403 1561 2426 mintucius
1581 2403 1670 2426 Sui-ius
1801 2402 1830 2426 16
1849 2403 1926 2426 tinni-

302 2444 399 2477 bulum]
421 2445 448 2470 1¹,
470 2447 614 2468 tinnibilum
635 2447 664 2471 F,
685 2446 886 2469 tintinnabulum
908 2446 996 2469 Sur-ius
1122 2446 1151 2470 17
1172 2447 1277 2475 contigit
1297 2446 1318 2468 F
1431 2449 1499 2469 esset
1517 2444 1588 2477 aura]
1608 2446 1638 2475 Ρ,
1659 2447 1691 2469 sit
1709 2453 1769 2469 aura
1788 2446 1815 2475 F,
1837 2450 1862 2469 et
1880 2452 1925 2468 nu-

302 2489 366 2510 ribus
387 2490 473 2511 surim
591 2487 713 2521 blandire]
734 2490 754 2511 F
879 2489 906 2512 13
927 2490 1096 2513 archidiacono
1122 2489 1157 2519 KP,
1278 2490 1412 2512 teneritate
1432 2489 1551 2512 melliflua
1571 2488 1660 2512 Suu-ius
1765 2487 1797 2512 20
1816 2487 1925 2511 creditur

303 2530 344 2553 l'¹.
367 2538 426 2554 marr.
534 2532 643 2561 episcopi
665 2532 686 2553 1³
805 2531 832 2554 21
858 2539 922 2554 arem
944 2532 964 2554 1¹
1076 2533 1186 2555 resonuit
1207 2533 1227 2554 F
1338 2530 1397 2564 uox]
1418 2533 1472 2555 eius
1491 2531 1550 2554 add.
1566 2531 1652 2554 Sur-ius
1774 2530 1806 2554 23
1825 2531 1926 2560 dispen-

301 2574 368 2595 ulium
391 2574 410 2595 F
525 2574 555 2597 2-1
576 2576 690 2603 quisquis
711 2573 787 2605 {prod}
808 2575 833 2600 F,
855 2576 910 2604 quis
930 2575 995 2604 quod
1015 2575 1043 2603 P,
1065 2576 1180 2605 quisquis
1199 2574 1253 2598 cod.
1269 2574 1338 2598 Surii
1460 2574 1491 2598 25
1512 2572 1628 2606 alterum]
1650 2574 1671 2596 F
1785 2573 1852 2596 habit
1871 2572 1893 2596 Ρ

302 2614 418 2646 deuocat}
439 2616 486 2640 PF.
509 2624 555 2640 om.
578 2617 629 2640 cml.
648 2617 724 2642 Surii.
747 2618 827 2647 perdit
847 2618 926 2646 suppl.
944 2618 1030 2641 Sur-ius
1153 2618 1183 2641 27
1204 2616 1307 2649 ligatus]
1326 2624 1373 2640 om.
1390 2618 1411 2640 F
1513 2621 1567 2640 tum
1587 2617 1676 2640 Sui-ius
1793 2615 1826 2640 28
1845 2615 1923 2639 eidem

306 2660 397 2681 <unu-2
419 2666 467 2682 nvn.
485 2659 504 2680 F
635 2660 666 2682 2¹³
687 2661 757 2683 :leam
775 2659 778 2690 l
796 2661 860 2683 labat
882 2661 902 2682 F
1006 2665 1115 2690 competa
1135 2661 1156 2682 F
1260 2658 1367 2692 iacebat]
1385 2661 1411 2683 in
1431 2659 1488 2683 add.
1506 2661 1526 2682 F
1630 2666 1678 2683 non
1697 2662 1793 2690 poterat
1812 2665 1886 2682 sonus
1906 2658 1927 2680 F

303 2704 332 2719 <io
353 2702 424 2730 palati
446 2701 551 2733 caruere]
570 2702 602 2730 rl'.
626 2703 727 2725 Fortun.
755 2703 778 2725 Γ.
797 2703 830 2726 Μ,
855 2703 897 2732 Il',
921 2706 953 2725 -m
971 2706 991 2725 cl
1012 2710 1086 2732 supra
1104 2710 1128 2732 p.
1147 2704 1187 2732 10,
1209 2704 1224 2726 I.
1244 2705 1273 2726 1.·
1398 2710 1474 2732 sepcn
1496 2703 1523 2731 1¹,
1546 2707 1615 2733 septa
1636 2703 1656 2725 F
1783 2701 1815 2725 32
1834 2701 1882 2724 tale
1904 2699 1925 2722 P

303 2744 332 2763 .·.'¹·
354 2745 439 2765 unuin·
455 2746 551 2768 surim.
569 2745 609 2767 -c1l
625 2745 680 2767 ιιιΙιΙ,
700 2746 720 2767 1²
825 2746 856 2766 :iti
876 2744 963 2777 quam]
976 2753 1049 2775 quem
1064 2745 1120 2768 add.
1139 2746 1160 2768 F
1247 2747 1279 2768 ita
1294 2746 1315 2767 F
1417 2745 1447 2767 ΖΠ
1469 2747 1558 2768 amissa
1571 2746 1640 2769 uocis
1653 2739 1730 2774 grnti³
1749 2746 1874 2774 reparatur
1893 2743 1920 2771 Γ,

303 2791 398 2807 :ratus‘
421 2786 439 2807 l'

1955 718 1984 737 ¹0

1953 973 1982 992 ¹5

1952 1229 1982 1249 20

1951 1486 1981 1506 25

1950 1743 1980 1763 :30

1949 1999 1979 2019 ³⁵
