2038 3036
210 775 494 823 OPVSOVLA
526 775 806 823 VENANTIO
840 776 1159 823 FORTVNATO
1193 777 1343 823 MALE
1378 777 1692 824 ATTRIBVTA.

629 877 762 925 VITA
796 877 990 925 SANCTI
1021 878 1271 925 AMANTH.

228 994 267 1033 (1)
297 993 465 1024 Praeclaro
496 992 673 1023 succumbit
703 992 791 1023 oneri
822 1002 944 1033 pauper
965 992 1127 1032 ingenium
1152 997 1279 1032 tamque
1302 993 1477 1024 immensae
1501 993 1546 1024 rei
1570 1003 1672 1025 sermo
1697 998 1761 1026 ste—

137 1044 205 1075 rilis
239 1047 270 1075 et
299 1044 339 1075 ab
370 1043 454 1075 omni
484 1043 638 1075 scientiae
670 1043 864 1074 fecunditate
895 1043 1021 1074 ieiunus
1052 1054 1113 1074 11011
1145 1044 1271 1075 sufficit.
1329 1045 1366 1083 (2)
1395 1044 1578 1082 Quamlibet
1608 1055 1682 1085 ergo
1712 1046 1761 1075 111-

106 1107 117 1124 5
137 1094 245 1126 firmus
275 1094 416 1126 humeris
444 1095 625 1135 impositum
656 1104 735 1125 onus
763 1094 964 1126 obedientiae
987 1105 1093 1126 amore
1117 1105 1199 1126 nunc
1223 1096 1411 1136 suscipiam,
1445 1096 1590 1135 ignosce,
1626 1106 1756 1135 quaeso,

137 1146 251 1186 lector,
286 1156 356 1177 cum
381 1145 542 1177 dissonam
566 1146 713 1176 manibus
736 1146 887 1187 paginam
913 1146 1103 1186 sumpseris.
1132 1156 1201 1177 cum
1225 1156 1318 1178 aures
1342 1150 1413 1177 tuas
1436 1157 1576 1177 murmur
1598 1146 1758 1178 indoctum

137 1197 264 1238 garrulo
288 1197 423 1228 stridore
447 1197 649 1238 percusserit,
678 1197 753 1237 quia
776 1207 837 1228 non
861 1197 964 1228 minus
988 1198 1101 1238 culpae
1126 1202 1173 1228 est
1196 1208 1256 1228 non
1281 1198 1426 1238 paruisse
1451 1208 1521 1229 cum
1545 1198 1647 1239 possis
1664 1208 1757 1237 quam

136 1248 393 1289 praesumpsisse
418 1248 502 1288 quod
524 1248 661 1279 nescias.

226 1300 265 1340 (3)
294 1299 395 1339 Igitur
417 1299 622 1331 beatissimus
646 1300 812 1331 Amantius
836 1300 1002 1331 Ruthenae
1026 1300 1113 1331 urbis
1136 1300 1295 1339 quondam
1319 1300 1378 1331 fuit
1403 1300 1480 1331 civis
1504 1304 1583 1335 ortu,
1610 1301 1675 1331 vita
1698 1311 1756 1342 pa-
1780 1302 1795 1332 I

88 1362 115 1380 10
137 1354 216 1390 stor,
250 1360 334 1382 nunc
362 1350 448 1382 felici
479 1354 630 1392 patronus
661 1360 794 1382 excessu
819 1355 883 1382 est:
918 1351 971 1391 qui
994 1351 1026 1382 in
1050 1351 1211 1392 primaevo
1235 1351 1349 1382 aetatis
1372 1351 1448 1383 flore
1472 1352 1613 1392 abruptis
1638 1352 1758 1383 saeculi

135 1402 260 1442 laqueis
294 1402 440 1433 militiam
471 1402 589 1434 Christi
624 1402 881 1443 perseverantiae
913 1402 1097 1433 definitione
1129 1402 1269 1443 suscepit
1299 1406 1331 1434 et
1360 1402 1439 1434 vitia
1468 1402 1583 1442 quibus
1613 1403 1758 1443 pulsatur

135 1453 275 1485 humana
298 1453 457 1494 fragilitas
480 1454 653 1494 patientiae
678 1454 793 1485 virtute
819 1454 970 1491 calcavit,
999 1454 1110 1485 inanes
1135 1464 1226 1484 curas
1251 1454 1344 1494 longe
1368 1454 1501 1494 repulit.
1530 1457 1632 1485 motus
1656 1454 1757 1485 auda-

136 1505 203 1536 ciae
235 1505 432 1536 constantiae
463 1505 561 1536 frenis
592 1505 692 1536 tenuit
716 1508 747 1536 et
769 1505 997 1545 cogitationum
1021 1505 1103 1536 inter
1127 1515 1160 1536 se
1185 1505 1421 1536 colluctantium
1444 1505 1581 1536 rebelles
1605 1505 1757 1536 tumultus

135 1556 250 1587 mentis
283 1556 417 1597 imperio
452 1556 646 1596 subiugavit.
711 1557 749 1596 (431
779 1556 840 1593 Qui
870 1556 962 1587 beato
995 1555 1122 1587 fervens
1152 1556 1311 1596 proposito
1343 1560 1373 1587 et
1404 1556 1544 1587 felicium
1576 1555 1755 1587 meritorum

86 1617 115 1637 15
136 1607 305 1648 splendore
337 1607 525 1648 conspicuus
555 1607 726 1639 sacerdotii
750 1608 874 1638 culmen
898 1611 929 1638 et
952 1607 1097 1638 sublimis
1121 1607 1292 1638 cathedrae
1317 1607 1424 1638 sedem
1448 1607 1619 1647 promeruit
1642 1607 1758 1646 gessit-

134 1668 196 1698 que
219 1662 356 1690 mentem
381 1658 509 1699 fastigio
534 1659 583 1690 sui
606 1659 733 1690 honoris
757 1668 883 1699 parem,
919 1658 998 1689 nihil
1022 1658 1054 1688 in
1078 1668 1115 1689 eo
1139 1658 1198 1689 fuit
1222 1658 1370 1689 dubium.
1404 1658 1484 1689 nihil
1508 1657 1644 1698 duplex.
1679 1658 1756 1688 nihil

133 1709 269 1741 varium.
323 1711 361 1749 (5)
388 1710 463 1741 Fuit
492 1720 629 1749 namque
658 1710 691 1740 in
715 1720 752 1741 eo
776 1709 919 1750 perfecta
943 1709 1121 1743 humilitas,
1155 1713 1300 1750 prompta
1323 1709 1557 1743 misericordia,
1593 1708 1758 1740 indefessa

135 1760 329 1799 liberalitas,
358 1764 469 1792 sancta
492 1761 690 1801 simplicitas.
740 1761 813 1791 Fuit
836 1761 868 1791 in
892 1760 1011 1801 vigiliis
1034 1761 1224 1794 laudabilis,
1252 1761 1284 1791 in
1307 1760 1435 1792 ieiuniis
1459 1760 1562 1793 fortis,
1590 1760 1622 1790 111
1645 1760 1755 1791 remis-

135 1812 222 1843 sione
253 1816 456 1850 mansuetus,
491 1812 523 1842 in
554 1812 721 1851 colloquiis
750 1811 900 1849 sedulus,
934 1812 966 1842 in
998 1811 1229 1843 conflictatione
1254 1812 1350 1843 lenis.
1385 1812 1417 1842 in
1440 1811 1566 1842 iniuriis
1590 1811 1690 1849 mitis,
1725 1811 1758 1841 in

85 1874 113 1893 20
133 1863 393 1894 tribulationibus
422 1863 564 1904 patiens,
598 1863 631 1893 111
658 1863 818 1903 prosperis
848 1862 1045 1899 moderatus,
1082 1866 1229 1893 constans
1252 1863 1284 1893 in
1307 1862 1467 1895 tristibus,
1500 1862 1532 1892 in
1556 1862 1683 1893 blandis
1708 1872 1757 1892 se—

134 1924 246 1953 verus,
275 1915 360 1945 mitis
384 1914 417 1945 in
441 1914 563 1955 asperis
587 1924 645 1945 nec
670 1914 789 1954 pudore
813 1914 945 1945 libertas
969 1913 1070 1944 caruit
1093 1924 1151 1944 nec
1174 1914 1353 1944 iucunditas
1377 1913 1544 1954 gravitate.
1599 1914 1636 1951 (6)
1664 1913 1757 1944 Nunc

133 1965 223 1997 brevi
247 1966 319 1997 stilo
343 1975 447 2006 pauca
470 1966 619 1996 virtutum
644 1965 712 1996 eius
736 1965 948 2006 perstringam
971 1964 1120 2005 iusignia,
1149 1968 1331 2005 praestante
1356 1964 1482 1996 domino
1507 1964 1647 1995 oratione
1670 1964 1755 1995 beati

134 2016 285 2048 antistitis
317 2016 446 2048 dicendi
474 2017 574 2056 vires,
607 2016 663 2056 qui
694 2016 822 2047 divitias
853 2016 1003 2047 bonitatis
1027 2025 1104 2046 suae
1129 2016 1195 2047 sine
1220 2016 1284 2046 ullo
1309 2015 1434 2047 defectu
1458 2015 1516 2046 scit
1539 2015 1701 2046 effundere
1726 2019 1755 2046 et

133 2068 236 2099 nescit
260 2078 330 2099 cum
355 2068 503 2099 effuderit
525 2067 666 2099 vacuari.

84 2129 114 2149 25
226 2120 263 2159 (7)
291 2119 393 2160 Igitur
423 2129 493 2150 cum
523 2119 555 2149 in
588 2118 769 2159 praedictae
798 2118 884 2149 urbis
914 2118 980 2149 soro
1012 2117 1209 2148 consedisset
1237 2127 1367 2158 praeses
1395 2118 1505 2149 altiore
1537 2118 1650 2148 ceteris
1677 2117 1753 2149 sede
1778 2119 1809 2150 II

135 2170 300 2202 sublimior
329 2174 360 2202 et
387 2170 544 2211 quendam
570 2170 719 2201 facinoris
743 2169 857 2200 nefarii
881 2179 969 2200 reum
993 2169 1104 2200 ultimo
1129 2169 1230 2200 crucis
1255 2169 1410 2209 supplicio
1434 2172 1465 2200 et
1488 2172 1630 2200 extrema
1653 2179 1757 2209 paena

133 2222 270 2262 patibuli
301 2221 522 2262 dampnasset,
558 2224 705 2262 properat
733 2221 846 2252 beatus
877 2220 1011 2251 antistes
1043 2220 1084 2251 ad
1108 2220 1224 2251 forum.
1259 2220 1339 2261 petit
1361 2230 1380 2250 a
1403 2220 1548 2260 praeside
1572 2219 1669 2250 vitam
1691 2220 1755 2250 iam

133 2276 219 2304 metu
249 2273 455 2314 praemortui,
491 2272 548 2304 sed
577 2283 638 2303 non
668 2272 832 2313 impetrat,
867 2272 961 2303 iterat
988 2281 1114 2312 preceS,
1152 2271 1208 2302 sed
1231 2281 1320 2302 mens
1345 2271 1472 2312 superbi
1497 2271 1565 2302 dira
1588 2270 1672 2301 fastu
1695 2281 1756 2301 non

134 2324 306 2364 frangitur,
342 2324 398 2355 sed
428 2324 548 2355 acriore
572 2324 722 2355 fervescit
744 2323 802 2354 ira.
857 2323 893 2362 (S)
923 2323 1035 2362 Itaque
1065 2322 1198 2353 antistes
1222 2323 1369 2354 cellulam
1393 2322 1522 2363 repetit,
1557 2326 1659 2353 terrae
1682 2331 1756 2362 pro-

220 2462 234 2486 2
253 2469 314 2485 VITA
334 2463 372 2485 s&
391 2469 514 2485 AMANTH.
536 2462 588 2485 Βῆ.
610 2467 659 2483 cxx
680 2461 710 2487 Β,
731 2462 844 2490 proloyus
864 2460 927 2483 deest
946 2460 987 2483 ΒΞ
1099 2461 1112 2482 5
1133 2459 1225 2492 amore]
1246 2460 1279 2488 M,
1301 2467 1348 2483 om.
1365 2461 1385 2483 L
1496 2460 1510 2483 S
1530 2457 1637 2491 nescias]
1656 2465 1756 2482 15011‘11*

132 2512 194 2528 VITA
214 2512 263 2528 CVM
284 2511 427 2528 mnncvms
446 2504 503 2528 add.
519 2505 539 2528 L
657 2506 671 2527 ‘J
690 2502 774 2535 igitur]
795 2511 841 2526 om.
860 2504 878 2526 B
983 2504 1052 2525 urbis
1070 2516 1104 2520 -—
1123 2501 1190 2535 ortu]
1211 2504 1259 2525 fuit
1278 2504 1345 2525 urbis
1365 2504 1479 2526 alumnus
1502 2502 1521 2524 L
1639 2501 1669 2524 10
1689 2502 1755 2524 felici

131 2561 164 2565 —
178 2546 227 2580 est]
246 2548 326 2578 ipsius
346 2548 414 2570 felici
433 2552 471 2570 est
490 2551 608 2577 patronus
629 2554 732 2569 excessu
747 2546 767 2569 L
874 2546 901 2568 11
924 2546 1075 2569 diffinitione
1095 2547 1293 2575 perseuerantiae
1308 2546 1330 2567 B
1437 2545 1465 2568 12
1486 2547 1573 2568 inanes
1591 2559 1624 2562 —-
1646 2544 1675 2567 14
1695 2545 1755 2567 sub-

132 2589 240 2622 iugauit]
258 2597 305 2613 om.
324 2590 343 2612 B
451 2590 480 2613 15
500 2591 593 2613 meruit
607 2591 627 2612 B
735 2590 764 2613 lfi
784 2588 844 2621 que]
863 2596 909 2612 om.
929 2589 949 2611 L
1053 2589 1151 2611 honoris
1165 2589 1202 2611 sni
1218 2588 1239 2610 L
1344 2588 1407 2611 nihil
1426 2589 1452 2611 in
1472 2595 1498 2611 eo
1518 2601 1550 2605 -—
1570 2587 1598 2610 21
1621 2585 1754 2618 grauitate]

133 2640 179 2656 om.
198 2633 218 2655 B
339 2632 370 2655 22
390 2636 530 2663 praestante
550 2631 659 2665 domino]
678 2633 745 2655 dabit
764 2633 879 2655 dominus
900 2632 919 2654 L
1034 2632 1101 2654 uires
1120 2632 1218 2654 dicendi
1237 2632 1345 2654 oratione
1364 2632 1435 2653 beata
1455 2631 1496 2660 qui
1516 2631 1537 2652 B
1660 2630 1691 2653 24
1711 2637 1755 2652 ua-

133 2683 205 2699 cuare
225 2675 254 2704 R,
277 2676 365 2698 uariari
384 2676 406 2698 L
511 2675 542 2699 2ss
562 2676 685 2705 quendam
705 2676 821 2699 facinoris
841 2673 940 2706 nefarii]
961 2675 1049 2697 nefarii
1069 2675 1183 2696 facinoris
1204 2674 1224 2696 L
1329 2672 1361 2697 28
1382 2674 1424 2696 sed
1444 2672 1504 2705 non]
1523 2681 1571 2696 11011
1586 2674 1607 2695 Β
1712 2673 1754 2695 sed

133 2725 204 2741 mens
224 2719 323 2748 superbi
343 2719 396 2741 dira
415 2719 481 2741 fastu
501 2725 549 2741 non
570 2720 702 2747 frangitur,
724 2718 767 2741 sed
787 2720 877 2741 acriore
898 2719 1015 2740 feruescit
1034 2716 1082 2749 ira]
1102 2717 1132 2746 L,
1154 2718 1289 2739 orationem
1309 2717 1373 2746 apud
1393 2717 1495 2739 surdum
1515 2717 1653 2746 principem
1676 2716 1754 2745 (prae—

134 2762 212 2784 sidem
232 2761 259 2790 8)
280 2762 363 2790 perdit
381 2761 421 2784 BS
527 2761 558 2784 29
578 2759 694 2792 antistes]
713 2768 760 2783 om.
776 2761 798 2782 B
