2038 3036
205 334 276 364 vul

301 139 318 167 4
904 132 1072 159 VENANTI
1094 130 1311 158 PORTVNATI

302 236 332 262 et
362 236 473 261 cum-ta
506 228 625 260 familia
657 228 687 259 in
720 227 844 258 nomine
872 226 989 257 domini
1014 229 1197 257 meruerunt
1220 225 1339 266 pariter
1361 225 1528 267 baptizari.
1575 226 1664 264 Quae
1689 226 1851 258 Florentia
1874 237 1925 258 re-

304 282 385 312 lictis
417 280 600 321 parentibus
632 278 777 318 vestigiis
808 278 876 309 eius
907 277 1077 308 inhaerens
1101 286 1202 316 usque
1228 276 1364 308 Pictas-is
1387 277 1539 318 perducta
1563 280 1627 310 est:
1663 281 1785 319 patrem
1809 288 1843 310 se
1866 277 1926 310 ba-

303 333 374 363 bere
399 342 458 362 non
483 343 500 362 a
518 341 578 371 quo
594 334 747 370 generata
764 333 821 360 est.
851 328 906 359 sed
925 338 1088 369 perquem
1107 332 1293 368 regenerata
1311 332 1369 365 estv
1397 328 1614 370 praedicabat.
1667 330 1723 367 (24¹¹
1755 329 1833 361 Cum
1850 339 1924 361 vero

300 383 477 414 Solem-inm
510 381 721 422 pervenisset.
758 390 872 419 magno
904 379 1011 410 favore
1039 389 1058 410 a
1081 379 1202 411 cunctis
1225 383 1379 420 exceptus
1403 384 1468 419 est,
1502 390 1539 412 eo
1563 380 1647 421 quod
1671 380 1780 412 divina
1802 381 1925 412 miseri—

300 434 404 465 cordia
436 433 530 464 taleni
562 433 662 463 virum
694 431 975 472 prudentissimum
1007 434 1039 462 ct
1068 431 1223 471 singulari
1257 431 1434 463 eruditione
1465 436 1659 472 compertum
1687 432 1719 463 in
1743 433 1924 473 spectaculo

300 485 406 516 mundi
433 485 627 525 produceret,
656 483 708 513 ubi
733 487 800 513 erat
824 482 863 514 dc
888 481 949 513 lide
974 482 1179 513 censendum.
1232 483 1293 523 (25)
1322 483 1403 514 Hinc
1428 488 1497 525 post
1521 483 1787 516 examinationem
1807 484 1925 524 agnitis

301 537 442 567 hostibus
467 541 495 567 ct
520 534 692 576 oppressis,
722 533 859 565 decretis
884 533 915 564 in
939 533 1096 575 scriptura
1120 533 1264 567 conditis,
1293 544 1443 576 prospera
1461 545 1575 575 gerens
1592 535 1707 576 synodi
1723 535 1869 576 dirigitur
1883 535 1925 566 ad

299 589 520 629 imperatorem
553 586 686 625 legatio:
723 596 792 616 cum
825 595 886 625 qua
917 585 1056 626 perrexit
1086 589 1216 617 sanctus
1239 585 1398 625 Ililarius,
1433 586 1578 627 quamvis
1602 587 1717 618 cinon
1741 587 1854 618 fuisset
1876 587 1926 618 iu-

299 639 456 673 iunvtum,
495 642 638 669 metuens
670 647 708 668 nc
740 636 845 668 adbuc
877 640 986 668 contra
1017 636 1181 677 religionis
1213 636 1364 677 dogmata
1394 637 1565 679 respiraret
1595 637 1747 669 damnata
1777 638 1922 679 perfidia.

314 693 352 720 ’,ἐϋ
391 690 455 721 scd
479 690 635 721 disserere
661 689 787 729 longum
813 692 870 719 cst.
900 688 1038 728 qualiter
1054 688 1248 720 Ariminensi
1272 689 1395 729 synodo
1413 689 1591 730 composita
1605 689 1765 721 mentione
1781 689 1870 721 aliud
1886 699 1925 721 ex

298 742 361 773 alio
385 742 526 773 referens
550 741 636 772 fraus
662 740 823 771 haeretica
846 739 1028 781 serpentino
1053 740 1145 781 lapsu
1169 740 1327 781 subripuit
1350 744 1382 772 et
1405 744 1515 782 postea
1532 740 1648 781 legatis
1665 741 1926 773 seleuciensibus

299 804 354 834 per
378 793 575 834 imperatoris
599 792 797 832 iniquitatem
821 791 892 832 ipsa
916 795 963 822 cst
986 791 1087 823 inlata
1110 791 1282 823 calumnia.
1335 793 1394 831 (27)
1423 792 1514 829 Quod
1538 796 1644 824 tamen
1667 792 1781 824 beatus
1804 792 1927 824 athleta

299 844 414 875 (qn-isti
444 844 584 875 llilarius
615 852 792 884 agnoscens
823 842 964 883 graviter
993 843 1079 884 apud
1102 843 1279 874 Ariminum
1310 843 1431 874 diaboli
1461 843 1680 885 praevaluisse
1710 843 1922 883 mendacium,

298 895 330 926 in
360 900 479 926 tantum
512 899 544 926 ut
575 899 606 926 et
638 894 808 926 orientales
837 898 942 935 partes
966 894 1112 926 similiter
1135 894 1309 935 composito
1333 894 1405 926 fuco
1429 895 1586 934 inficeret,
1621 895 1802 936 imperatori
1824 895 1926 926 tribus

300 947 417 978 libellis
441 947 556 978 oblatis
581 956 691 987 preces
715 946 837 985 effudit,
871 949 905 977 ut
927 945 959 977 in
983 946 1053 978 eius
1077 950 1247 988 conspectu
1273 946 1414 978 collectis
1438 946 1633 978 adversariis
1657 951 1742 978 esset
1765 947 1795 978 ei
1818 950 1926 978 contra

299 998 474 1030 haereticos
499 998 697 1039 disceptandi
722 997 761 1029 de
786 997 940 1038 religione
965 998 1111 1037 licentia,
1146 1008 1186 1030 nc
1210 998 1376 1030 veritatem
1402 998 1530 1029 falsitas
1555 998 1774 1037 obumbraret,
1807 1008 1847 1030 ne
1870 1008 1926 1030 ae-

298 1050 409 1089 quitati
433 1050 585 1089 iniqnitas
610 1049 830 1091 praevaleret,
865 1059 905 1081 ne
929 1049 1100 1090 imperator
1124 1049 1192 1081 Deo
1215 1049 1393 1087 resisteret,
1422 1059 1461 1081 ne
1485 1049 1559 1082 fidei
1584 1049 1719 1091 perfidia
1743 1049 1923 1082 rebellaret.

302 1103 352 1141 (25
391 1101 481 1132 Vnde
504 1101 620 1132 Valens
645 1105 675 1132 et
696 1101 842 1132 Vrsatius
866 1101 1080 1132 eonscientiae
1105 1105 1194 1132 reatu
1218 1101 1384 1142 perterriti7
1413 1101 1562 1141 quoniam
1587 1101 1613 1132 si
1636 1101 1766 1133 daretur
1789 1101 1925 1133 facultas

299 1153 449 1184 certandi.
477 1163 547 1183 mox
572 1162 606 1184 sc
623 1152 895 1193 recognoscebant
910 1152 1025 1183 Hilarii
1043 1152 1241 1184 contentione
1258 1153 1424 1194 prosterni,
1453 1153 1625 1184 sollicitant
1639 1152 1840 1194 imperatoris
1855 1153 1926 1184 ani-

299 1215 381 1235 mum
405 1207 526 1235 tantuin
550 1204 582 1235 in
607 1204 750 1244 maligna
773 1207 862 1245 parte
888 1204 1059 1245 captivum,
1087 1207 1120 1235 ut
1143 1204 1246 1246 ipsum
1271 1204 1489 1236 beatissimum
1514 1204 1617 1236 redire
1640 1204 1682 1236 ad
1706 1204 1830 1236 Gallias
1853 1214 1925 1246 per-

300 1259 456 1296 urgueret,
485 1256 626 1287 (licentes
650 1256 705 1287 illo
728 1259 897 1296 praesente
914 1255 1075 1287 haeretica
1092 1266 1154 1287 non
1171 1265 1265 1297 posse
1282 1255 1539 1287 machinamenta
1555 1256 1716 1297 proficere.
1769 1257 1827 1295 (29)
1857 1256 1925 1294 Quo

299 1308 427 1338 obtentu
452 1307 493 1338 ad
517 1308 641 1338 Gallias
666 1307 849 1348 compulsus
873 1307 1059 1347 revertitur,
1087 1311 1202 1349 putans
1226 1307 1330 1348 magis
1355 1307 1493 1349 amplius
1517 1317 1552 1339 se
1576 1307 1642 1349 pati
1665 1307 1813 1343 exilium,
1840 1307 1926 1348 quod

297 1359 374 1390 illuc
390 1359 658 1400 perturbationem
675 1359 832 1391 ecclesiae
849 1359 1049 1399 relinquebat
1064 1359 1198 1391 termino
1214 1369 1276 1391 non
1294 1362 1413 1391 secuto.
1464 1360 1524 1400 (30)
1545 1359 1571 1391 O
1588 1359 1714 1391 beatum
1732 1359 1920 1401 pontificem,

297 1411 349 1451 qui
381 1411 412 1441 in
443 1420 565 1442 summo
596 1410 778 1442 discrimine
808 1410 930 1442 inimici
960 1410 1077 1442 iudicis
1107 1411 1187 1442 adiit
1217 1411 1356 1442 tribunal
1384 1411 1508 1452 imperii
1531 1410 1600 1443 sine
1623 1411 1735 1442 timore
1757 1411 1921 1443 tormenti!

299 1462 378 1493 Vere
401 1462 473 1493 totis
498 1462 672 1493 visceribus
696 1462 855 1503 diligebat
877 1462 995 1494 Christi
1018 1472 1170 1503 regnum,
1203 1463 1257 1503 qui
1280 1472 1343 1494 non
1366 1462 1559 1494 formidabat
1581 1462 1613 1494 in
1637 1462 1817 1504 principatu
1842 1463 1925 1495 Con-

298 1514 461 1545 stantium.
510 1514 592 1545 Nam
616 1514 700 1555 quod
724 1524 758 1546 se
782 1525 837 1555 pro
861 1514 988 1546 domino
1013 1514 1058 1546 sie
1080 1514 1248 1555 ingerebat
1271 1518 1382 1556 aperto
1398 1514 1550 1556 periculo,
1579 1514 1709 1555 optabat
1725 1514 1920 1555 martyrium,

299 1566 323 1596 si
348 1576 409 1596 non
433 1565 588 1597 defuisset
611 1576 794 1607 percussor:
823 1570 854 1597 et
877 1569 984 1598 tamen
1007 1566 1133 1598 animus
1159 1566 1295 1608 sumpsit
1319 1566 1470 1607 gloriam,
1499 1566 1559 1598 etsi
1582 1569 1708 1607 tempus
1732 1576 1793 1598 non
1818 1566 1925 1598 intulit

299 1627 442 1658 poenam.
496 1620 539 1656 (31
579 1617 643 1649 Sed
661 1618 744 1649 bunc
760 1618 864 1658 ipsum
881 1618 989 1649 divino
1006 1621 1083 1649 nutu
1101 1622 1261 1650 servatum
1278 1617 1431 1650 testificor
1447 1627 1502 1659 pro
1519 1617 1712 1650 correctione
1728 1621 1921 1649 cunctorum.

299 1668 378 1699 Nam
410 1678 491 1709 pcnc
522 1671 620 1700 totum
649 1669 800 1701 mundum
824 1669 914 1709 gravi
939 1679 1043 1701 errore
1066 1669 1230 1701 confusum
1255 1669 1349 1701 factis
1373 1669 1503 1711 saepius
1526 1670 1558 1701 in
1582 1669 1690 1701 Gallia
1713 1669 1845 1710 synodis
1868 1679 1925 1710 per

299 1719 455 1750 llilarium
474 1720 571 1752 fuisse
588 1720 630 1752 ad
647 1721 732 1752 viam
749 1721 894 1753 veritat-is
911 1720 1083 1753 adductum
1101 1721 1266 1753 confitetur
1282 1721 1392 1762 lingua
1408 1721 1588 1752 multorum.
1636 1722 1695 1761 (32)
1717 1721 1802 1759 Quid
1818 1724 1924 1753 autem

300 1771 359 1802 sibi
390 1771 536 1811 interest,
573 1773 625 1804 vel
655 1782 710 1813 pro
740 1772 804 1804 vita
831 1776 962 1805 aeterna
985 1772 1103 1805 factum
1128 1773 1227 1805 fuisse
1251 1775 1442 1814 martyrem,
1477 1773 1528 1804 vel
1552 1773 1692 1814 amplius
1715 1773 1851 1814 vixisse,
1884 1783 1923 1805 ne

385 1936 462 1959 :5—21
487 1937 580 1966 Sulpie.
602 1937 657 1960 Serv.
683 1937 769 1961 Chron.
793 1938 829 1967 ΙΙ,
851 1939 892 1968 42,
914 1939 930 1965 5
950 1939 964 1960 4
984 1938 1008 1961 is
1028 1939 1071 1961 ubi
1086 1938 1224 1961 Seleuciam
1245 1938 1322 1967 venit,
1345 1944 1432 1967 magno
1451 1944 1506 1961 cum
1527 1938 1608 1961 favore
1627 1942 1747 1968 exceptus
1766 1939 1877 1962 omnium
1895 1938 1923 1961 in

300 1987 325 2002 sc
349 1980 442 2002 animos
468 1982 493 2003 et
517 1980 599 2002 studia
626 1983 788 2004 converterat.
830 1981 863 2010 (5)
885 1982 924 2010 agi
943 1981 1034 2004 deinde
1053 1986 1183 2011 coeptum,
1211 1982 1353 2011 repertique
1372 1988 1461 2011 pravae
1481 1981 1590 2004 haeresis
1609 1984 1721 2004 auctores
1741 1984 1814 2011 atque
1834 1982 1864 2004 ab
1883 1988 1923 2004 ec-

300 2023 387 2045 clesiae
406 2030 502 2052 corpore
522 2023 612 2046 avulsi.
654 2023 686 2052 (6)
707 2024 750 2046 scd
771 2025 882 2047 confecta
901 2025 994 2052 synodo
1013 2025 1111 2047 decreta
1130 2025 1159 2047 ad
1176 2025 1349 2055 imperatorem
1366 2024 1462 2054 legatio,
1484 2031 1547 2054 quae
1561 2027 1629 2053 gesta
1642 2025 1789 2048 insinuaret.
1830 2025 1880 2054 (15,
1897 2024 1921 2054 3)

300 2066 384 2088 aderat
408 2066 443 2088 ibi
469 2069 521 2088 tum
542 2066 665 2095 llilarius,
692 2074 704 2089 a
724 2066 837 2090 Seleucia
861 2068 957 2096 legatus
981 2071 1092 2091 secutus.
1135 2068 1184 2097 (43,
1210 2068 1229 2096 1)
1252 2068 1348 2090 interea
1373 2067 1463 2096 legatis
1482 2067 1651 2090 Ariminensis
1671 2068 1768 2091 concilii
1785 2080 1820 2085 —
1837 2081 1872 2084 —
1889 2080 1922 2085 —-

300 2109 446 2138 conscriptis
471 2109 499 2131 ab
527 2110 641 2138 improbis
666 2110 740 2132 fldem
764 2111 853 2139 tradit,
881 2111 962 2133 verbis
982 2111 1128 2134 fallentibus
1148 2111 1295 2134 involutam.
1340 2111 1370 2140 (2)
1393 2111 1435 2133 sed
1454 2111 1562 2134 interius
1581 2111 1664 2134 aderat
1683 2111 1751 2134 fraus
1770 2115 1868 2141 parata,
1895 2113 1923 2134 ut

300 2155 366 2175 essct
391 2153 493 2180 similis,
524 2159 570 2174 non
597 2156 663 2175 esset
682 2154 802 2183 aequalis.
842 2154 895 2183 (45,
918 2156 939 2183 1)
962 2155 996 2176 ibi
1016 2157 1126 2184 repertos
1146 2154 1314 2177 Seleucicnsis
1335 2153 1421 2182 synodi
1442 2154 1534 2183 legatos
1553 2155 1579 2177 vi
1599 2154 1665 2183 regia
1683 2155 1849 2184 compellunt,
1877 2161 1922 2177 ex-

300 2195 381 2224 emplo
400 2195 596 2217 Orcidentalinm
622 2203 719 2225 pravam
739 2196 807 2219 illam
827 2196 900 2219 fldem
921 2198 1039 2226 recipere.
1082 2198 1111 2228 (3)
1136 2198 1156 2220 is
1176 2197 1219 2220 ubi
1239 2200 1380 2220 extremum
1400 2197 1457 2220 ndei
1477 2197 1616 2227 periculum
1636 2197 1826 2226 animadvertit,
1853 2197 1922 2220 Occi-

301 2238 442 2260 dcntalibns
461 2239 572 2269 deceptis
591 2238 729 2261 Orientalcs
750 2246 793 2268 per
811 2240 893 2262 scelus
913 2240 993 2269 vinci,
1021 2240 1102 2262 tribus
1121 2239 1213 2263 libellis
1233 2240 1332 2270 publice
1352 2240 1416 2263 datis
1436 2240 1589 2263 audientiam
1609 2241 1673 2269 regis
1692 2241 1818 2270 poposcit,
1846 2242 1873 2262 nt
1892 2239 1922 2262 de

301 2280 347 2303 nde
372 2288 450 2303 eoram
470 2281 614 2304 adversariis
633 2282 791 2311 disceptaret.
832 2282 865 2311 (4)
887 2282 910 2305 id
932 2289 988 2305 vero
1008 2283 1105 2305 Arriani
1126 2283 1232 2306 maximo
1252 2290 1325 2314 opere
1345 2284 1467 2313 abnuere,
1497 2286 1619 2312 postremo
1638 2284 1708 2313 quasi
1728 2283 1864 2307 discordiae
1883 2289 1922 2305 se-

302 2324 432 2347 minarium
453 2327 477 2346 et
497 2325 651 2354 perturbator
669 2325 779 2347 Orientis
800 2325 879 2348 redire
898 2325 927 2348 ad
949 2326 1043 2349 Gallias
1063 2327 1171 2355 iubetur,
1194 2327 1286 2356 absque
1306 2327 1378 2349 exilii
1398 2326 1565 2355 indulgentia.

386 2366 427 2390 29.
448 2367 479 2389 30
499 2368 593 2397 Sulpic.
615 2367 671 2391 Ser.
695 2368 784 2391 (Ἰιι-οη.
808 2369 841 2397 ΙΙ,
864 2370 903 2397 45,
927 2370 942 2395 ,ξ’
962 2370 975 2391 7
996 2369 1059 2392 illud
1078 2369 1145 2398 apud
1165 2377 1249 2393 omnes
1268 2370 1380 2392 constitit
1399 2370 1474 2393 unius
1489 2370 1567 2393 llilari
1587 2369 1706 2393 beneflcio
1720 2369 1810 2392 Gallias
1825 2371 1922 2392 nostras

301 2410 395 2439 piavulo
416 2410 522 2433 haeresis
542 2411 665 2434 liberatas.
701 2419 755 2434 nam
775 2419 795 2434 ε.
812 2420 833 2441 «1.
849 2419 869 2435 ε.
909 2412 941 2441 (5)
966 2413 1141 2442 frequentibus
1160 2413 1225 2435 intra
1244 2412 1335 2436 Gallias
1354 2413 1474 2442 conciliis,
1498 2416 1571 2442 atque
1591 2413 1706 2435 omnibus
1725 2413 1777 2436 t'ere
1796 2411 1921 2442 episcopis

301 2453 329 2475 ilc
349 2460 427 2475 errore
447 2455 626 2483 profitentibus,
650 2455 714 2484 apud
736 2455 877 2477 Ariminum
897 2459 967 2484 gesta
985 2456 1132 2478 condemnat
1151 2459 1175 2478 et
1195 2456 1220 2478 in
1240 2458 1332 2479 statum
1352 2456 1486 2486 pristinum
1506 2456 1665 2479 ecclesiarum
1684 2455 1758 2478 fldem
1776 2455 1900 2478 reformat.

387 2607 399 2629 ἶ
420 2609 510 2637 scripto
534 2608 559 2635 V,
588 2609 612 2630 in
639 2610 729 2638 scripto
754 2610 859 2633 conditis
878 2617 925 2633 orn.
949 2611 969 2632 Α
1112 2610 1141 2634 10
1161 2608 1300 2642 mentione]
1318 2609 1405 2638 codd.‚
1436 2610 1584 2633 mentitione
1604 2608 1714 2633 Mutarim*
1732 2609 1920 2632 emendaverunt

306 2650 333 2672 12
353 2650 445 2672 athleta
465 2652 547 2673 vlrrisli
570 2652 656 2673 beatus
675 2652 713 2674 ΓΑ
822 2652 849 2675 14
870 2651 905 2684 et}
924 2661 970 2676 om.
992 2653 1033 2675 ΓΛ
1138 2653 1257 2675 infecerit
1273 2653 1299 2682 V,
1322 2653 1453 2675 inficerent
1473 2654 1493 2675 A
1600 2652 1632 2675 20
1652 2655 1748 2675 tanturn
1769 2653 1795 2675 in
1815 2651 1921 2680 maligna

303 2691 382 2723 partu]
402 2697 448 2715 tam
470 2694 575 2722 maligna
595 2695 669 2723 ligare
689 2698 740 2717 arte
760 2695 785 2724 V,
807 2699 855 2718 tarn
875 2696 983 2724 maligna
1003 2703 1027 2719 re
1048 2696 1072 2718 in
1093 2698 1161 2726 parto
1175 2696 1205 2724 A,
1227 2699 1276 2719 tam
1298 2695 1403 2724 maligna
1423 2702 1447 2719 rc
1466 2703 1510 2725 per
1529 2698 1606 2719 artem
1625 2695 1691 2718 colb.
1798 2694 1829 2718 23
1850 2691 1920 2726 illuc]

303 2735 332 2759 Η·
353 2735 385 2762 ‘'s-
406 2739 497 2764 pru-lem
520 2737 539 2760 Ι,
560 2745 584 2765 ιι,
601 2739 650 2759 -w-‘l
755 2737 785 2761 24
807 2739 925 2761 iniuriam
951 2738 992 2768 (1¹¹,
1014 2739 1122 2761 inimicis
1144 2739 1163 2761 V
1266 2738 1297 2762 28
1317 2739 1470 2769 correptione
1494 2738 1534 2761 VA
1640 2737 1669 2761 31
1692 2736 1754 2769 sibi]
1772 2744 1818 2760 om.
1841 2737 1881 2760 VA

305 2778 392 2807 reliqui
414 2786 443 2801 ιιι·
470 2780 507 2801 ῑ’.·1

1948 700 1975 720 10

1948 958 1975 978 15

1945 1215 1974 1235 20

1945 1473 1974 1494 ²5

1944 1732 1973 1752 ³0
