2038 3036
175 322 245 352 wll

202 627 243 657 ΙΧ

196 1851 240 1882 XI

182 2259 240 2290 xll

272 128 311 155 ἴθ’,
570 123 762 150 ‹uvvscx'LA
784 119 976 147 vlixAN'rlo
998 117 1224 145 i‘oRTva'l‘O
1243 117 1345 144 MALE
1365 116 1590 144 ATTRle'TA

273 220 438 260 stipendiis
463 218 637 249 debebatur
661 217 718 247 sub
744 215 925 255 integritate
950 212 1096 244 conferri.
1152 213 1199 242 ‘2⁴
1240 211 1332 243 Illius
1356 212 1500 244 miraculi
1525 212 1741 254 spectaculum
1762 222 1781 244 a
1798 213 1891 244 beato

273 271 337 301 viru
362 274 518 311 patratum
543 267 583 298 ad
609 266 735 297 laudem
760 265 811 296 dei
836 270 883 296 est
908 264 1059 295 memoria
1084 262 1295 294 retinendum.

373 323 409 350 25,
451 320 528 350 Dum
563 319 673 349 beatus
699 317 846 348 Etberins
870 315 1040 356 episcopus
1065 315 1191 346 beatum
1218 314 1390 346 Leobinum
1415 315 1548 346 Braiaco
1572 319 1605 346 ut
1629 314 1690 347 sibi
1713 320 1891 346 occurreret

271 376 467 402 convocaret.
503 369 633 407 contigit
668 373 697 398 nt
731 367 831 398 vicina
862 366 948 397 illius
978 365 1079 397 cellae
1103 364 1255 405 quicquid
1279 365 1408 397 obvium
1432 365 1516 397 edax
1538 365 1623 406 ignis
1646 365 1811 398 invenerat
1833 375 1890 397 ex-

271 422 420 453 urendum
450 421 526 451 nibil
554 424 697 460 parceret
722 417 975 457 relinquendum.
1042 417 1092 455 215)
1120 416 1183 447 Sed
1209 426 1279 447 cum
1304 416 1450 448 monachi
1474 417 1552 448 tanti
1577 426 1727 458 vaporem
1750 416 1890 448 incendii
1913 428 1924 445 ε»

270 482 466 512 ncquaquam
499 470 622 501 iniectis
654 469 745 509 aquis
771 472 899 509 possent
924 467 1112 508 reprimere,
1148 466 1205 498 sed
1229 471 1262 499 ut
1286 467 1453 499 videbatur
1476 467 1580 509 potius
1603 467 1709 508 ignem
1733 467 1779 499 eis
1802 467 1890 499 vide-

270 529 374 554 rcntur
398 522 582 553 acccndcre.
613 521 660 551 vir
685 520 735 551 dei
762 519 920 550 Leobiuus
944 518 1140 550 orationibus
1164 522 1195 549 et
1219 518 1359 550 lacrimis
1383 518 1614 550 valentioribus
1638 518 1730 559 aquis
1746 518 1890 550 flamma·

269 585 333 604 rum
359 574 469 611 globos
494 572 618 603 nominc
643 571 759 602 Christi
785 570 929 601 invocato
954 569 1081 611 penitus
1105 569 1271 610 consopire
1296 569 1380 601 fecit.

371 626 406 654 27
448 624 513 654 Ncc
538 623 640 653 minus
665 627 694 653 et
712 622 797 653 illius
814 621 958 652 miraculi
975 621 1100 661 insigne
1119 621 1321 662 praeconium
1339 621 1509 653 memoriae
1527 625 1575 653 est
1591 620 1887 653 commendandum.

268 678 345 706 t'um
372 686 427 716 per
451 674 532 706 idem
554 678 679 714 tempus
697 672 860 714 praefatus
878 672 1025 704 litherius
1045 671 1214 713 episcopus
1231 672 1315 703 beati
1333 672 1391 703 viri
1409 672 1539 704 Leobini
1557 672 1754 714 perspiciens
1772 673 1891 704 sancti-

268 733 362 758 tatem
387 726 427 757 ad
453 726 640 757 diaconatus
664 724 801 755 osticium
827 723 1015 764 proveheret
1035 727 1066 754 et
1083 722 1234 755 fratribus
1251 723 1454 756 Braiacensis
1470 724 1653 756 monasterii
1669 729 1888 765 praeponeret,

267 779 396 817 dignum
422 776 527 808 duxit.
557 781 587 807 ut
614 775 832 816 praefecturae
856 774 995 806 officium
1020 774 1217 806 commodius
1240 779 1368 816 ageret.
1397 775 1424 806 si
1448 775 1491 807 ad
1515 775 1693 817 presbiterii
1717 784 1796 806 onus
1820 785 1890 806 eum

267 829 483 860 ordinabiliter
514 827 710 858 sublimaret.
768 828 823 865 ¹'281³
856 825 1058 858 Postmodum
1091 836 1161 858 cum
1194 826 1321 857 flamma
1351 826 1453 858 rabidi
1478 826 1562 868 ignis
1585 826 1684 858 silvas
1708 830 1739 858 et
1762 836 1892 868 campos

267 891 401 912 exurens
430 880 471 911 ad
502 879 726 910 monasterium
756 882 882 918 segetes
915 877 1078 909 exurendo
1109 878 1251 909 venisset
1280 883 1311 909 et
1341 878 1487 910 monachi
1519 878 1588 910 eius
1618 882 1703 910 metu
1733 888 1753 910 a
1782 888 1891 910 mensa

268 933 494 963 surrexissent.
531 931 576 961 rir
606 934 734 961 sanctus
766 930 797 960 in
829 929 970 960 oratione
994 933 1068 961 ante
1092 929 1274 961 incendium
1298 933 1474 970 prostratus
1497 929 1583 970 apud
1606 929 1687 961 caeli
1712 929 1806 961 deum
1831 930 1891 960 im-

268 988 390 1023 pctrarc
416 982 536 1013 mcruit.
568 986 599 1012 ut
623 981 724 1012 omnis
748 981 834 1012 illins
860 981 943 1021 ignis
968 981 1073 1012 rabies
1097 990 1251 1022 oppressa
1276 981 1494 1022 consopiretur
1517 984 1548 1012 et
1571 980 1704 1022 pristina
1719 981 1892 1022 temperies

266 1034 349 1065 acris
375 1033 497 1064 reddita
523 1033 732 1064 blandiretur.

369 1086 417 1114 22⁸1
448 1085 606 1115 Inseratur
630 1083 701 1114 huic
725 1083 811 1124 operi
836 1083 917 1114 illud
942 1083 1081 1115 caeleste
1105 1083 1304 1121 miraculum,
1332 1083 1416 1124 qnod
1436 1083 1582 1115 dominus
1599 1087 1724 1125 patrare
1741 1083 1891 1125 dignatus

265 1141 311 1165 cst
343 1145 397 1176 per
427 1136 551 1166 beatum
580 1135 763 1165 Leobinum.
813 1134 959 1172 Quodam
991 1138 1132 1175 tempore
1164 1134 1227 1166 duo
1257 1135 1481 1175 energumeni,
1516 1135 1548 1166 in
1579 1135 1695 1175 quibus
1725 1138 1812 1167 tanta
1843 1135 1892 1166 vis

265 1187 451 1218 daemonum
477 1186 716 1227 praevaluerat,
747 1190 779 1217 ut
803 1196 900 1227 saepe
926 1186 1053 1217 vincula
1078 1190 1110 1217 et
1133 1189 1264 1218 catenas
1289 1186 1554 1225 comminuerent⁷
1590 1190 1790 1218 occurrentes
1814 1186 1891 1218 bea-

265 1238 385 1269 tissimo
416 1238 481 1268 viro
512 1237 675 1278 sospitatis
700 1237 875 1268 remedium
900 1237 961 1269 sibi
985 1237 1147 1269 humiliter
1170 1237 1282 1278 largiri
1307 1241 1528 1279 poposcerunt.
1584 1238 1641 1277 (30]
1671 1237 1806 1270 Sanctus
1830 1238 1891 1269 ita-

264 1300 324 1330 que
354 1289 400 1320 vir
430 1300 448 1319 a
479 1289 629 1320 fratribus
659 1289 839 1320 cohortatus
870 1288 1055 1330 impcndere
1079 1288 1214 1329 gratiam
1239 1288 1386 1321 medelae
1409 1288 1595 1321 daemonico
1619 1288 1724 1321 furore
1748 1289 1886 1330 agitatis,

266 1341 383 1381 pietate
415 1344 587 1372 commotus
617 1340 761 1381 opposito
791 1340 893 1371 crucis
924 1340 1089 1380 signaculo
1120 1345 1151 1372 et
1175 1340 1378 1372 daemonium
1403 1341 1442 1372 ab
1467 1340 1514 1372 eis
1539 1340 1661 1381 expulit
1683 1344 1715 1372 et
1736 1340 1891 1382 pristinae

265 1392 408 1422 sanitatis
440 1391 648 1423 incolumitati
678 1391 852 1423 efficaciter
883 1391 1030 1423 restituit.
1103 1393 1152 1432 31)
1182 1392 1249 1424 Nec
1273 1392 1372 1424 multo
1395 1396 1465 1433 post
1489 1395 1631 1433 tempore
1655 1391 1728 1423 dum
1755 1392 1849 1433 longe
1872 1402 1892 1424 a

264 1443 380 1474 cellula
410 1443 526 1474 absens
558 1446 642 1475 essct
674 1447 705 1474 et
735 1442 777 1474 ad
808 1443 1036 1475 monasterium
1061 1443 1114 1475 ubi
1139 1453 1260 1485 paucae
1284 1443 1412 1485 puellae
1436 1443 1642 1474 morabantur
1665 1443 1891 1485 compendioso

264 1495 373 1525 itiuerc
398 1494 589 1526 declinaret.
625 1494 762 1534 benigne
786 1498 939 1535 exceptus
963 1498 1011 1526 est
1035 1494 1075 1526 ab
1098 1494 1177 1526 illis.
1231 1496 1293 1535 ¹532)
1322 1494 1467 1535 Denique
1493 1498 1565 1536 post
1588 1494 1795 1526 humanitatis
1819 1495 1891 1527 offi-

264 1546 344 1576 cium
377 1545 459 1585 quod
491 1546 519 1577 ei
550 1545 761 1577 libentissime
793 1545 1005 1577 exhibuerunt
1034 1546 1247 1587 intempestae
1278 1546 1378 1578 noctis
1410 1546 1536 1577 silentio
1562 1556 1624 1577 una
1647 1545 1687 1578 de
1711 1546 1889 1587 puellarum

265 1597 398 1637 collegio
428 1597 584 1628 incentive
617 1597 755 1638 impulsa
784 1597 981 1638 petulantiae
1013 1601 1104 1629 aestu
1135 1597 1258 1629 nefario
1289 1597 1425 1639 pedibus
1449 1597 1550 1629 sancti
1574 1597 1709 1629 iacentis
1733 1597 1792 1629 sub
1816 1597 1890 1629 lecti

264 1647 458 1688 operimento
489 1648 636 1679 dentibus
667 1647 811 1679 dolosum
843 1648 950 1680 intulit
978 1658 1133 1687 morsum,
1169 1648 1223 1689 qui
1255 1648 1397 1680 sentiens
1428 1658 1462 1680 se
1493 1648 1674 1680 huiusmodi
1703 1657 1808 1680 morsu
1840 1652 1890 1680 at-

264 1702 428 1730 trectatum
453 1709 521 1730 eum
547 1699 751 1740 percussione
776 1699 914 1740 pectoris
939 1704 970 1731 et
992 1699 1114 1740 ingenti
1137 1700 1258 1740 gemitu
1282 1699 1371 1731 illam
1396 1699 1532 1741 pedibus
1557 1699 1623 1731 suis
1647 1699 1764 1741 repulit
1780 1699 1888 1731 morti-

265 1750 363 1781 t'ernm
392 1750 598 1781 instillantem
630 1760 785 1782 venenum
811 1755 842 1782 et
865 1755 992 1782 servata
1016 1751 1101 1782 omni
1125 1750 1266 1791 eorpon's
1289 1751 1472 1791 integritate
1496 1750 1629 1792 laqueos
1653 1750 1797 1782 mulieris
1821 1750 1890 1782 sine

265 1801 378 1832 danim·
403 1801 505 1833 evasit
528 1801 678 1842 stropbyo
702 1801 876 1842 pudicitiae
900 1802 1116 1843 praecinctus.

360 1853 411 1890 '33'
443 1852 491 1883 Ab
523 1852 580 1884 hac
612 1853 717 1893 itaque
747 1853 955 1894 temptatione
988 1853 1047 1885 deo
1077 1863 1111 1884 se
1142 1857 1329 1894 protegente
1352 1857 1498 1894 ereptis,
1534 1853 1664 1893 contigit
1687 1856 1721 1884 ut
1743 1853 1812 1894 ipse
1835 1853 1890 1893 qui

265 1902 397 1933 aliorum
421 1903 656 1935 infirmitatibus
681 1904 828 1936 extiterat
851 1904 993 1936 medicus
1016 1904 1122 1936 cancri
1146 1905 1279 1937 vulnere
1296 1908 1514 1946 percuteretur
1529 1905 1561 1936 in
1578 1904 1717 1943 naribus,
1745 1903 1889 1945 quidum

265 1955 486 1986 monaclmrum
516 1955 662 1996 precibus
693 1959 871 1996 rogaretur7
909 1959 943 1987 ut
966 1956 1026 1987 sibi
1050 1956 1189 1988 humano
1214 1956 1357 1997 quolibet
1379 1955 1485 1988 studio
1510 1955 1706 1994 mederetur,
1739 1955 1810 1997 ipse
1833 1965 1889 1987 ae-

265 2010 352 2036 terno
384 2006 484 2037 tideus·
512 2007 544 2037 in
574 2007 697 2038 medico
728 2007 780 2047 qui
812 2007 878 2038 solo
902 2008 998 2039 verbo
1023 2011 1111 2039 curat
1134 2007 1241 2039 omnia
1264 2017 1368 2039 ceram
1393 2006 1594 2039 benedictam
1619 2017 1676 2049 per
1698 2016 1799 2038 annos
1822 2006 1889 2038 fere

264 2056 429 2087 duodecim
460 2057 601 2088 eiusdem
633 2058 733 2089 morbi
764 2058 916 2099 imposuit
947 2059 1036 2094 tabo,
1071 2062 1105 2090 ut
1135 2059 1236 2090 virtus
1266 2069 1323 2100 per
1352 2058 1492 2090 divinam
1523 2058 1658 2099 gratiam
1682 2061 1888 2098 augmentum

264 2112 390 2147 caperet
421 2108 450 2138 in
482 2109 675 2140 infirmitate.
739 2111 776 2139 34
816 2110 907 2141 Vnde
940 2120 1066 2151 semper
1095 2110 1127 2141 in
1159 2109 1211 2141 dei
1242 2109 1371 2142 servitio
1403 2119 1593 2151 permanens
1625 2113 1656 2141 et
1686 2109 1718 2141 in
1743 2109 1889 2141 omnibus

263 2157 322 2189 deo
354 2159 474 2198 gratias
503 2170 603 2199 agens
635 2161 702 2192 sine
726 2161 833 2200 aliquo
858 2161 995 2192 humano
1019 2161 1217 2201 suffragante
1241 2161 1361 2192 auxilio
1385 2165 1498 2202 postea
1521 2161 1645 2192 narium
1668 2160 1783 2192 meruit
1807 2160 1889 2192 reci-

264 2219 337 2249 pere
363 2210 541 2241 sanitatem.

367 2263 404 2291 :35
444 2261 623 2293 l'rot'eratur
646 2263 677 2293 in
701 2263 839 2294 medium
864 2267 895 2295 et
917 2264 997 2295 illud
1021 2264 1212 2305 stupendum
1237 2267 1348 2304 gestae
1373 2264 1417 2295 rei
1441 2263 1644 2301 miraculum,
1679 2262 1763 2304 quod
1787 2263 1889 2294 omni-

266 2311 322 2341 bus
354 2311 501 2352 prodesse
533 2313 644 2353 poterit
668 2313 709 2344 ad
732 2313 806 2345 fidei
831 2314 1071 2346 incrementum.
1121 2315 1262 2353 Quidam
1286 2325 1326 2347 ex
1350 2315 1514 2347 monachis
1538 2315 1692 2346 vocabulo
1716 2314 1888 2355 Tyrannus

265 2362 402 2394 crudelis
427 2363 553 2402 quidem
578 2364 710 2396 antiteto
734 2365 858 2397 nomine
883 2366 939 2397 sed
964 2367 1148 2407 praeclarus
1173 2366 1289 2398 virtute
1314 2363 1392 2398 dum*
1412 2369 1498 2398 esset
1520 2365 1659 2406 quadam
1683 2369 1773 2397 nocte
1798 2365 1888 2397 solli-

356 2500 381 2522 r:
403 2514 432 2515 ἡ
451 2508 475 2529 ρ.
494 2501 533 2524 ῑῑ,
556 2503 571 2524 ι.
592 2502 618 2524 1³
641 2512 669 2522 =
697 2503 721 2524 ι’.
739 2504 805 2525 fictu
826 2504 870 2532 ιν,
893 2505 924 2526 2²³
948 2505 1009 2527 =.-1.-i.
1034 2504 1077 2527 ss.
1103 2505 1142 2527 ιτ.
1160 2505 1217 2527 lun.
1241 2504 1295 2533 111,
1313 2511 1339 2533 p.
1355 2505 1425 2527 ³5⁹:

351 2620 363 2640 :5
384 2620 519 2652 ΙΝὼῘΠΠΠΧΙ
538 2628 585 2643 'W'-
603 2625 622 2649 Q
729 2623 804 2645 brai-mi
826 2623 847 2645 1²
964 2624 976 2646 4
997 2624 1080 2647 ouium
1100 2624 1121 2646 1¹
1225 2628 1343 2647 euenerat
1363 2622 1392 2651 0¹
1500 2623 1514 2645 5
1534 2623 1592 2646 dnm
1614 2622 1635 2645 1>
1738 2622 1752 2646 S
1772 2620 1887 2654 penitus]

264 2669 308 2682 *¹¹⁴
329 2665 348 2688 ‘s'
507 2663 534 2685 ¹⁰
554 2664 599 2693 effi
623 2664 662 2691 ‘3¹-
684 2665 743 2694 8170:
764 2664 796 2693 ’,ΓΞ
944 2667 1099 2696 prospiciens
1123 2666 1160 2695 P}
1323 2665 1347 2689 ll
1370 2670 1517 2696 proponeret
1539 2665 1558 2693 O
1718 2665 1746 2688 13
1767 2665 1846 2695 rapidi
1867 2664 1886 2693 O

269 2703 295 2724 15,
317 2708 449 2731 1¹¹¹‘*³⁴¹f·¹t¹¹⁴
471 2711 525 2727 ==¹¹¹·-·
546 2706 689 2729 ructantium
711 2710 730 2734 'J
852 2708 981 2732 dominum
1003 2708 1022 2737 Q
1156 2708 1185 2732 16
1205 2715 1345 2738 compressa
1367 2708 1388 2737 Ο
1522 2708 1620 2732 18-40
1639 2715 1660 2732 c.
1681 2708 1714 2731 X.
1734 2708 1779 2732 XI.
1801 2714 1848 2730 om.
1866 2706 1886 2735 0

271 2745 295 2766 lit
318 2746 429 2776 ηιιιιιῐι]
450 2755 494 2770 nnc
520 2748 543 2769 Γ,
562 2750 628 2771 ,tciri
745 2750 897 2783 praeclarus]
917 2752 1013 2775 actibus
1032 2756 1106 2782 atque
1125 2751 1182 2774 ati-1.
1203 2751 1229 2774 V.
1247 2753 1315 2774 Aviti
1421 2750 1503 2783 nocte]
1524 2752 1549 2774 in
1570 2752 1680 2774 oratione
1699 2750 1756 2774 add.
1777 2750 1802 2774 V.
1819 2751 1886 2773 Acin*

1915 684 1941 702 10

1915 939 1942 958 ts

1912 1195 1924 1214 2
1929 1195 1941 1214 0

1911 1450 1941 1471 25

1909 1708 1920 1725 3
1926 1708 1939 1726 ⁴)

1910 1964 1939 1981 :15

1911 2219 1938 2238 40
