2038 3036
76 683 105 702 10

75 937 104 957 15

73 1192 101 1213 20

71 1705 101 1724 30

70 1961 100 1980 35

700 120 792 146 vrrA
813 120 948 147 SANCTI
968 120 1167 148 MARCELLI.
1702 130 1738 156 51

128 216 198 245 cata
231 211 342 243 mundi
376 222 492 252 pompa
521 212 573 242 vel
603 212 751 251 crimina,
791 224 860 244 cum
893 214 1009 245 divinis
1040 216 1136 246 armis
1167 216 1308 247 initiatus
1338 217 1556 257 accingeretur
1586 219 1627 249 ad
1657 229 1744 259 spem

125 263 251 295 felicem
274 263 415 304 palmam
439 262 478 293 de
503 262 592 294 hoste
616 263 743 303 publico
767 265 935 297 relaturus.
962 266 994 296 in
1017 266 1131 297 militia
1147 267 1264 298 Christi
1280 269 1483 299 exercitando
1500 269 1596 301 lector
1613 271 1744 302 effectus

124 317 173 346 est
200 324 238 346 ac
268 324 302 345 se
333 314 439 354 ipsum
467 314 587 354 templo
611 314 727 345 Christi
759 325 815 355 pro
845 316 990 355 primitiis
1021 318 1157 348 offerens
1187 318 1273 349 velut
1296 320 1406 350 Abelis
1431 320 1618 351 sacrificium
1642 322 1745 353 hostia

126 365 230 397 victae
254 365 358 396 carnis
382 368 413 396 et
436 374 535 405 purae
558 365 672 396 mentis
696 370 846 406 exceptus
870 370 928 398 est.

216 417 274 457 (16)
304 415 365 453 Qui
389 415 504 446 clarior
527 415 672 447 mercede
696 427 789 456 quam
814 417 940 448 nomine
965 422 995 449 et
1018 419 1127 450 merito
1151 420 1252 450 maior
1275 431 1368 460 (1113111
1392 422 1492 461 gradu
1517 423 1584 454 sine
1609 424 1743 455 offendi—

126 467 195 498 culo
231 476 322 498 suum
356 476 471 507 gerens
502 466 658 507 officium}⁷
695 467 800 508 coepit
829 468 861 498 in
892 469 992 500 milite
1024 480 1164 501 crescere
1198 472 1282 510 quod
1311 473 1432 513 accepit
1463 484 1482 504 a
1512 484 1597 513 rege.
1646 475 1744 506 Cuius

125 519 266 550 occultae
298 518 416 549 (liutius
447 517 534 549 velut
563 517 637 548 vitis
668 518 818 558 palmites
849 523 1020 559 coeperunt
1052 521 1238 552 fructificare
1268 522 1399 554 virtutes
1422 534 1479 555 nec
1503 525 1630 564 pertulit
1653 526 1684 556 111
1708 536 1744 557 60

124 579 183 601 sua
213 569 297 600 dona
320 568 467 600 Christus
499 568 667 607 abscondi,
703 569 852 608 quoniam
876 570 959 609 quod
983 571 1022 601 de
1047 581 1170 602 sursum
1194 577 1325 604 venerat
1347 574 1387 604 ab
1411 585 1448 605 60
1472 575 1633 607 humiliter
1656 577 1745 607 vide-

125 621 217 651 batur
245 620 405 660 amplecti.
460 620 465 659 ί
472 621 518 659 17)
549 619 693 659 Denique
718 630 788 650 611111
812 621 916 651 adhue
941 622 1081 653 clericali
1104 623 1257 663 tyrocinio
1281 625 1454 657 celaretur.
1489 627 1649 657 miraculis
1673 638 1744 667 pro—

125 671 208 702 ditur
238 674 269 702 et
299 671 399 711 signis
431 670 626 702 caelestibus
657 671 854 702 inlustratur.
911 673 1050 713 Contigit
1079 674 1217 713 quadam
1249 675 1317 705 vice
1349 677 1485 707 accessit
1515 678 1555 708 ad
1586 678 1743 709 officinam

124 722 326 761 fabrica-lem⁷
361 722 415 762 qui
445 722 609 762 dispectus
641 722 681 752 ab
714 722 833 753 artifice
866 723 1007 763 cogitur,
1042 728 1090 759 ut,
1126 729 1267 756 extracta
1298 726 1336 757 de
1367 727 1497 758 ardente
1526 729 1647 759 camino
1671 730 1744 760 ferri

123 783 231 805 massa
255 773 421 812 candente,
449 783 545 804 manu
562 782 620 804 sua
636 772 752 804 ferrum
771 784 939 805 accensum
956 775 1116 806 attolleret
1131 780 1162 807 et
1176 776 1287 816 quanti
1304 781 1389 808 esset
1406 778 1554 817 ponderis
1571 784 1741 811 enarraret.

130 825 190 865 (18)
219 825 309 856 Tunc
332 825 380 855 vir
403 824 608 856 beatissimus
633 834 694 855 non
718 824 848 864 ignarus
872 828 971 856 totum
996 826 1034 857 (16
1060 826 1186 857 Christo
1211 838 1414 867 praesumere
1439 834 1469 860 ct
1488 834 1606 868 quanta
1622 831 1744 862 virtutis

125 885 222 906 causa
250 876 290 906 sit
314 876 346 906 in
370 876 464 907 rebus
489 886 553 907 non
576 875 721 916 turpibus
746 876 909 915 oboedire⁷
944 887 1016 908 mox
1041 878 1206 918 subposita
1229 889 1323 909 manu
1348 879 1464 910 ferrum
1488 881 1583 912 altius
1607 882 1745 913 elevavit

124 926 248 958 dicens:
285 927 332 958 De
367 927 471 958 calore
496 927 579 958 calet
602 926 658 958 sed
681 936 794 957 novem
818 927 959 967 pondera
982 928 1088 959 habet.
1138 929 1229 966 Quod
1252 934 1363 970 postea.
1386 934 1506 962 tantum
1531 932 1570 962 ad
1595 936 1743 964 stateram

122 977 285 1009 inventum
316 982 365 1009 est
394 982 546 1018 quantum
578 978 647 1009 eius
677 988 738 1008 vox
766 978 880 1009 librata
910 979 1123 1019 praedixerat.
1178 981 1237 1020 (19)
1266 981 1318 1011 Sic
1348 982 1379 1012 in
1410 993 1472 1013 11113
1497 984 1602 1023 specie
1626 984 1743 1024 duplex

123 1029 309 1060 miraculum
341 1029 543 1070 propagavit,
580 1033 615 1060 ut
645 1039 717 1060 eum
747 1039 806 1060 nec
830 1029 890 1060 foci
915 1030 1000 1061 calor
1023 1035 1169 1062 exureret
1196 1042 1253 1063 nec
1277 1032 1351 1064 ferri
1375 1034 1514 1073 pondera
1538 1034 1738 1066 fefellissent.

122 1090 194 1111 nam
227 1080 381 1111 defecatis
412 1080 497 1111 vitiis
528 1080 560 1111 in
592 1090 627 1111 se
658 1080 800 1111 libidinis
829 1091 980 1121 vaporem
1004 1092 1066 1113 11011
1092 1082 1202 1113 habuit
1224 1083 1276 1123 qui
1300 1087 1364 1114 tam
1388 1085 1487 1115 libcre
1511 1086 1585 1116 dum
1609 1087 1745 1126 portavit

121 1130 269 1162 incendia
293 1141 327 1162 se
351 1141 412 1162 non
436 1131 528 1162 ussit.
571 1131 653 1162 Nam
678 1134 712 1162 ut
736 1132 888 1163 elementi
911 1132 1018 1172 ignem
1042 1133 1191 1170 vinceret,
1219 1138 1291 1165 ante
1315 1135 1458 1166 flammas
1476 1137 1579 1167 earnis
1596 1137 1740 1169 extinxit.

124 1186 154 1213 et
177 1185 211 1213 ut
234 1182 266 1213 in
288 1182 360 1223 ipsa
384 1192 483 1223 pensa
506 1193 569 1213 non
592 1182 729 1220 falleret.
756 1183 902 1223 probavit
924 1183 1041 1214 ferrum
1066 1185 1205 1225 pondere
1229 1195 1285 1216 seu
1308 1186 1431 1217 virtute.

213 1235 274 1274 (20)
301 1234 338 1264 In
361 1233 525 1274 religionis
549 1233 660 1265 ordine
685 1234 899 1265 subdiaconus
923 1238 971 1266 est
995 1236 1136 1266 effectus.
1178 1237 1289 1276 Itaque
1313 1247 1383 1268 cum
1408 1239 1625 1270 subdiaconali
1650 1241 1741 1272 mini—
1764 1244 1806 1274 VI

122 1285 216 1316 sterio
242 1285 437 1325 fungeretur.
466 1285 499 1316 in
522 1285 573 1316 die
599 1285 840 1326 epiphaniorum
864 1286 1015 1318 hauriens
1038 1297 1154 1327 aquam
1179 1288 1218 1319 de
1242 1288 1337 1319 fluvio
1354 1288 1532 1329 Sequanae.
1561 1291 1634 1322 (111111
1651 1292 1743 1323 beato

121 1336 292 1368 Prudentio
324 1336 473 1377 episeopo
504 1336 652 1367 manibus
684 1337 852 1368 abluendis
876 1338 1016 1375 offerret.
1051 1339 1179 1370 mutatis
1204 1340 1369 1371 elementis
1392 1340 1457 1371 vini
1481 1352 1574 1382 sapor
1596 1342 1743 1374 inventus

121 1390 179 1418 est.
233 1389 292 1427 (21)
322 1388 390 1425 Quo
420 1387 488 1419 viso
520 1388 748 1429 obstupescens
778 1389 919 1429 pontifex
942 1389 1035 1420 iussit
1059 1399 1097 1420 ex
1120 1390 1189 1430 ipso
1213 1400 1305 1422 urceo
1328 1391 1360 1422 in
1384 1392 1514 1423 calicem
1539 1403 1662 1424 sacrum
1687 1395 1743 1425 de—

92 1451 98 1454 ·
122 1438 221 1477 fundi,
250 1439 335 1470 unde
359 1439 528 1470 universus
552 1439 689 1480 populus
713 1440 810 1470 missa
835 1440 996 1471 celebrata
1019 1440 1061 1471 ad
1086 1442 1335 1473 communionem
1359 1444 1490 1484 accepit.
1519 1448 1549 1475 et
1566 1444 1668 1485 ipsum
1686 1456 1743 1476 vas

121 1499 191 1520 cum
215 1490 258 1520 ad
282 1490 386 1531 plebis
410 1490 644 1521 multitudinem
668 1491 857 1529 suffecisset,
884 1501 922 1522 36
945 1492 971 1522 81
995 1502 1056 1522 1103
1080 1495 1196 1523 tactum
1222 1496 1253 1524 et
1275 1493 1432 1533 integrum
1457 1495 1502 1525 sic
1525 1496 1651 1535 plenum
1672 1507 1744 1537 per—

121 1541 248 1572 mansit.
298 1541 396 1572 Cuius
430 1541 496 1573 vini
530 1542 665 1582 mystico
699 1542 853 1573 beneficio
887 1547 1000 1583 postea
1034 1543 1124 1574 multi
1159 1544 1263 1574 sanati
1298 1548 1379 1575 sunt.
1440 1547 1498 1577 :¹225
1531 1546 1612 1578 Ecce
1642 1548 1742 1578 virum

122 1592 374 1631 sanctissimum,
408 1593 463 1632 qui
492 1593 611 1624 undam
642 1603 769 1624 sumens
800 1604 819 1624 a
850 1593 979 1624 flumine
1011 1594 1085 1625 vina
1114 1594 1196 1625 fudit
1225 1595 1257 1625 in
1287 1596 1433 1627 calicem!
1477 1597 1541 1628 Sed
1573 1598 1656 1629 unde
1679 1602 1742 1629 tam

120 1653 202 1674 nova
225 1643 393 1682 miracula⁷
423 1647 457 1675 ut
481 1644 555 1675 dum
580 1648 722 1684 portaret
745 1654 877 1684 aquam,
906 1645 1042 1685 quodam
1067 1645 1158 1676 modo
1182 1646 1273 1685 quasi
1297 1657 1375 1678 uvas
1399 1648 1602 1688 exprimeret.
1631 1659 1744 1680 nasce—

122 1698 207 1725 retur
237 1694 286 1725 illi
317 1695 442 1735 palmes
471 1695 503 1725 in
533 1695 641 1736 palma
653 1699 663 1725 ¹!
708 1695 790 1726 Vere
822 1696 947 1727 beatum
972 1696 1156 1727 Marcellum
1190 1707 1312 1728 summa
1336 1699 1538 1730 veneratione
1562 1700 1738 1732 colendum.

119 1744 154 1776 in
188 1745 278 1777 cuius
314 1746 462 1777 manibus
496 1756 557 1777 uno
594 1746 769 1786 eodemque
799 1750 956 1778 momento
988 1747 1093 1778 floruit
1122 1748 1283 1779 vindemia
1313 1753 1344 1780 et
1371 1750 1526 1781 torculata
1556 1755 1627 1782 sunt
1655 1752 1739 1782 vina.

125 1798 185 1837 (23)
213 1797 369 1828 Videmus
392 1807 455 1828 non
478 1807 540 1828 uno
564 1797 597 1828 in
620 1798 688 1828 loco
712 1797 869 1829 beneficia
892 1798 1001 1829 divina
1025 1799 1186 1831 concludi.
1219 1800 1292 1830 dum
1317 1801 1401 1840 quod
1424 1802 1600 1842 praecessit
1622 1803 1653 1833 in
1678 1803 1743 1833 Ga-

119 1848 218 1880 lilaea
248 1848 404 1879 successit
431 1848 464 1878 in
488 1848 607 1879 Gallia.
656 1849 705 1879 Ibi
735 1849 777 1879 ad
810 1849 985 1889 nuptialem
1017 1860 1159 1881 mensam
1184 1851 1328 1882 Christus
1359 1862 1459 1891 aquas
1486 1853 1579 1883 vertit
1602 1853 1632 1883 in
1655 1854 1739 1891 vina.

119 1899 170 1930 hic
200 1909 282 1939 quae
314 1899 356 1930 ad
385 1909 531 1930 mensam
556 1899 673 1930 Christi
705 1899 889 1931 sufficerent
918 1910 1000 1931 nova
1029 1901 1102 1931 vina
1133 1902 1268 1942 sumpsit
1293 1903 1405 1934 altare.
1454 1904 1538 1934 Illud
1570 1905 1744 1944 praecessit

120 1954 260 1991 tempore
294 1951 354 1982 hoc
384 1951 519 1990 honore7
558 1961 632 1981 nam
663 1951 748 1990 quod
777 1955 851 1982 tunc
884 1951 1040 1982 dederunt
1067 1962 1123 1983 sex
1154 1952 1285 1993 hydriae
1316 1953 1367 1984 hic
1397 1965 1492 1985 unuln
1524 1959 1555 1985 ct
1584 1956 1741 1987 modicum

120 2011 176 2032 vas
204 2002 364 2042 explevit⁷
401 2002 457 2033 sed
480 2005 555 2033 tunc
578 2002 684 2033 effecit
707 2006 740 2033 ut
764 2012 798 2033 se
822 2002 968 2033 dominus
992 2002 1152 2042 proderet.
1187 2014 1269 2034 nunc
1292 2008 1326 2035 ut
1348 2004 1500 2036 famulum
1526 2016 1585 2037 non
1611 2007 1739 2038 celaret.

212 2147 222 2171 1
244 2149 392 2171 criminibus
416 2148 452 2178 (Ρ)
560 2149 699 2171 initiandus
719 2149 845 2171 accederet
865 2149 982 2178 auspiciis
1002 2150 1116 2172 felicibus
1136 2150 1242 2179 palmam
1263 2151 1284 2172 F
1401 2151 1415 2174 2
1435 2153 1528 2175 relatus
1550 2154 1569 2174 F
1671 2161 1742 2176 exer-

121 2191 236 2214 citandus
256 2192 277 2214 F
380 2191 393 2214 3
414 2190 507 2223 ipsum]
526 2193 552 2214 in
571 2191 629 2215 add.
648 2192 668 2213 F
771 2199 813 2221 pro
833 2190 965 2224 primitiis]
986 2192 1035 2218 PF.
1058 2193 1175 2221 primitus
1194 2193 1280 2216 Sui-ms
1385 2193 1473 2226 abelis]
1492 2195 1524 2223 cs'.
1551 2195 1609 2219 Gen.
1632 2197 1676 2221 Il',
1694 2199 1707 2218 4

121 2234 246 2257 sacrificii:
269 2233 306 2256 Fl
413 2235 492 2257 hostia
505 2235 533 2257 *F
637 2235 651 2257 4
672 2235 831 2265 pusementis
853 2234 898 2260 Pl,
920 2235 954 2264 pii
974 2237 1095 2264 sementis
1115 2234 1150 2257 1³2
1255 2236 1268 2259 7
1288 2237 1409 2259 occultata
1423 2238 1443 2259 F
1547 2237 1618 2269 uitis]
1638 2240 1662 2261 in
1683 2239 1739 2262 add.

123 2276 144 2299 F
276 2277 420 2300 fructificari
440 2278 461 2299 F
598 2277 612 2300 δ
633 2278 661 2300 ab
681 2275 719 2308 eo]
740 2276 804 2306 I’2F⁷
827 2277 903 2300 habeo
923 2277 969 2305 ΡῙ,
991 2279 1049 2300 adeo
1069 2278 1155 2301 Sarius
1294 2279 1308 2302 9
1329 2280 1453 2303 miraculis
1473 2281 1584 2309 proditur
1604 2280 1639 2312 et]
1659 2289 1704 2304 om.
1724 2282 1744 2303 F

125 2319 153 2342 10
173 2320 299 2342 officinam
318 2318 474 2352 sabricalem]
494 2320 522 2349 Ρ,
544 2319 687 2350 officilsm*
702 2321 739 2342 ale
756 2321 778 2342 F
881 2320 908 2343 ll
931 2324 1063 2343 extractam
1083 2334 1116 2337 —
1137 2321 1166 2344 12
1186 2328 1289 2344 massam
1309 2323 1454 2345 candentem
1469 2324 1489 2345 F
1500 2326 1521 2345 et
1535 2324 1632 2348 Sarius.
1654 2324 1742 2347 cadens

123 2362 164 2391 Pl,
195 2362 302 2385 candens
323 2361 360 2384 ΡΨ·
502 2362 531 2386 12
552 2366 577 2385 et
596 2370 644 2392 qua
663 2364 749 2392 quanti
769 2363 805 2385 1²1
948 2363 977 2385 13
997 2367 1090 2392 quante
1111 2364 1132 2386 P
1272 2364 1300 2387 15
1320 2366 1399 2387 calere
1420 2366 1440 2387 F
1577 2366 1669 2395 pondos
1690 2367 1711 2388 F

123 2407 214 2427 statera
233 2406 255 2427 F
361 2405 389 2428 17
410 2404 470 2437 soci]
489 2407 555 2434 ignis
575 2406 596 2428 F
701 2405 730 2428 18
750 2407 798 2428 iam
820 2406 840 2428 P
945 2404 1073 2437 defecatis]
1093 2406 1189 2431 Sarius.
1211 2407 1244 2435 ef.
1267 2414 1342 2435 supra
1360 2415 1384 2436 p.
1405 2410 1444 2436 33.
1468 2409 1482 2431 I.
1500 2410 1523 2437 δ’,
1545 2409 1649 2431 desectis
1669 2409 1711 2431 PF

122 2448 195 2471 liberi
215 2448 236 2470 F
338 2449 415 2471 libere
434 2449 499 2478 iguis
519 2449 634 2471 incendia
654 2449 707 2471 sine
728 2449 826 2471 ustione
845 2450 926 2471 euasit
945 2449 1032 2471 Sarius
1141 2449 1168 2472 19
1188 2447 1225 2481 se]
1245 2450 1272 2477 Ρ,
1296 2451 1338 2472 sed
1359 2451 1380 2472 F
1480 2451 1510 2474 20
1530 2458 1574 2473 seu
1597 2452 1630 2477 <se
1651 2451 1678 2479 P,
1700 2446 1741 2474 seu

124 2491 156 2519 F)
178 2488 285 2522 uirtute]
303 2498 350 2514 om.
367 2490 455 2514 Surius
586 2491 615 2514 21
637 2492 757 2514 diaconali
777 2491 798 2513 P
927 2491 958 2514 22
978 2499 1088 2521 sequane
1109 2492 1130 2514 P
1257 2492 1287 2515 23
1308 2494 1428 2522 prudenti
1449 2494 1470 2515 F
1594 2494 1625 2517 24
1646 2501 1740 2517 sacrum

123 2531 241 2565 defundi]
261 2533 288 2562 Ρ,
311 2534 383 2556 fundi
403 2534 431 2563 F,
454 2541 548 2557 sacrum
569 2534 639 2557 fundi
659 2534 748 2557 Sarius
872 2534 902 2557 25
922 2535 1025 2557 accessit
1045 2535 1065 2556 F
1184 2534 1214 2557 215
1235 2535 1265 2557 ad
1284 2536 1363 2564 plebis
1383 2537 1570 2559 multitudinem
1590 2535 1740 2568 suffecisset]

124 2576 190 2605 plebi
210 2577 334 2599 sufficeret
353 2577 375 2598 F
495 2584 543 2600 non
564 2575 669 2608 tactum]
688 2578 808 2599 intactum
829 2577 849 2598 F
968 2575 1013 2608 sic]
1032 2584 1079 2600 0711.
1098 2578 1118 2599 F
1235 2577 1266 2600 27
1286 2579 1383 2606 mystici
1405 2579 1424 2600 F
1545 2578 1630 2611 multi]
1650 2581 1741 2602 infirmi

123 2618 182 2642 add.
197 2619 285 2642 Surius
419 2618 451 2642 28
471 2618 574 2652 undam]
593 2627 682 2649 aquam
703 2620 723 2641 F
851 2618 874 2651 a]
894 2621 922 2642 (16
944 2620 964 2641 F
1091 2620 1180 2642 effudit
1200 2621 1288 2643 Sarius
1419 2621 1450 2643 ‘20
1471 2624 1497 2644 ut
1516 2620 1585 2653 dum]
1606 2622 1653 2650 PF,
1676 2623 1741 2644 unde

125 2660 212 2684 Sarius
317 2660 399 2694 quasi]
413 2663 456 2692 qui
471 2663 493 2684 F
595 2662 624 2686 31
646 2661 776 2693 torculata]
790 2662 823 2691 es.
843 2663 941 2686 Fortun.
959 2670 1033 2685 carm.
1055 2663 1077 2686 V.
1095 2666 1119 2692 6,
1136 2665 1149 2685 'J
1254 2663 1285 2686 32
1306 2664 1400 2686 includi
1417 2665 1437 2685 F
1537 2663 1680 2696 praecessit]
1701 2665 1743 2687 do-

125 2705 208 2726 miuus
227 2704 284 2728 add.
301 2705 389 2728 Sarius
495 2706 582 2734 galilea
604 2705 653 2729 PF.
676 2706 718 2729 ille
736 2706 793 2729 add.
809 2707 898 2729 Sarius
1012 2706 1043 2728 34
1063 2707 1104 2735 qni
1126 2706 1147 2728 F
1256 2706 1286 2729 35
1307 2714 1336 2729 ex
1358 2707 1441 2735 hydria
1463 2707 1492 2729 F:
1513 2707 1547 2735 cf.
1572 2708 1659 2730 Irumn.
1682 2708 1706 2736 2),
1726 2709 1740 2729 6

124 2746 156 2769 36
176 2744 254 2778 nuuc]
272 2754 319 2770 om.
339 2748 426 2770 Sarius

1499 2801 1532 2823 7*

1769 427 1792 456 V
