2038 3036
634 120 722 145 VITA
743 121 769 146 S.
791 121 951 146 MARTINI
970 121 1040 147 LIB.
1062 121 1083 146 Ι.
1604 123 1663 153 303

283 223 330 243 215
387 215 444 244 ‘ex
467 224 519 244 ore
543 214 698 245 infantum
723 218 754 245 et
778 215 951 246 laetantum
974 216 1089 256 perfice
1115 216 1241 247 laudem

383 275 466 295 nunc
490 264 689 295 defensorem
713 265 767 305 qui
791 266 836 297 sie
861 267 941 297 bene
966 267 1116 298 destruis*
1141 267 1252 307 inquit.

384 326 455 346 mox
478 316 584 356 fragor
607 319 694 347 astra
716 316 811 356 petit.
839 317 956 348 elamor
979 327 1080 357 vagus
1104 318 1184 348 atria
1208 318 1344 358 complet

384 370 415 398 et
438 366 529 397 doeet
551 367 606 397 ille
630 366 719 397 favor
742 367 781 397 de
806 367 981 399 Defensore
1006 372 1125 399 reatum

384 418 592 458 addictusque
615 418 664 448 vir
687 421 735 449 est
758 428 792 449 se
815 418 938 457 iudice⁷
964 422 1045 450 teste
1070 420 1235 460 propheta.

284 479 330 498 220
469 469 548 500 Inde
571 469 797 499 monasterium
822 469 881 500 sibi
906 470 1013 501 eondit
1036 481 1113 511 rupe
1138 472 1196 501 sub
1220 472 1303 509 alta¹7

385 520 433 551 vir
454 520 626 551 monachus
650 524 796 561 perstans
818 520 851 550 in
876 520 1076 561 pontificatus
1100 521 1234 561 honore7

385 571 522 612 plurima
545 571 736 602 conveniunt
759 571 813 602 ubi
837 575 948 602 saneta
972 573 1119 603 examina
1142 573 1283 604 fratrum.

387 632 461 662 ergo
485 622 596 654 aderat
619 622 749 663 propius
774 623 862 653 loeus
886 626 917 654 et
940 623 1165 654 celeberrimus
1188 625 1279 655 olim:

387 674 494 715 ampla
517 673 685 705 vetustatis
709 684 780 705 cum
804 677 945 715 tempora
969 675 1221 715 transiluissent,

286 735 333 755 225·
387 725 534 766 martyris
558 735 629 756 esse
653 725 739 766 pium
764 726 935 765 spargebat
957 725 1062 766 opinio
1086 727 1216 758 cultunr

388 787 449 816 quo
474 786 562 807 sacer
585 786 719 808 exorans
743 777 880 815 tumulo⁷
910 776 985 807 salit
1009 777 1119 808 umbra
1143 778 1328 818 sepulchro,

388 828 482 859 laeva
505 838 545 859 ex
568 831 657 869 parte
681 828 814 867 loquens
838 828 958 859 meritis
982 838 1032 859 res
1056 828 1127 869 ipsa
1150 828 1290 859 sinistra.

388 880 524 920 imperat
547 882 581 910 ut
603 889 718 910 nomen
742 879 880 910 fateatur
903 879 1010 919 imago
1034 879 1085 910 vel
1109 883 1226 910 aetum.

388 931 541 962 latronem
565 940 599 961 se
623 940 699 961 vooe
722 930 835 967 refert,
864 940 919 971 pro
943 930 1072 961 crimine
1096 940 1242 971 caesum(

288 992 334 1011 2:30
388 982 432 1013 nil
456 992 526 1013 cum
550 981 742 1021 martyribus
767 981 827 1012 sibi
851 981 1042 1022 participare
1065 982 1186 1020 beatis7

388 1033 439 1064 his
462 1033 536 1073 quia
558 1033 666 1073 palma
689 1036 812 1070 manet7
840 1043 913 1063 nam
938 1043 971 1064 se
995 1033 1079 1064 male
1104 1043 1207 1073 poena
1229 1037 1362 1065 teneret.

389 1084 534 1115 omnibus
557 1083 700 1123 auditur7
728 1084 861 1115 Mai-tino
885 1084 1024 1115 cernitur
1047 1084 1111 1115 uni.

390 1136 447 1167 illa
471 1135 653 1176 superstitio
676 1135 734 1166 tali
757 1136 816 1166 sub
840 1139 923 1167 sorte
947 1139 1087 1174 vetatur,

391 1187 435 1218 sic
458 1187 540 1218 altar
563 1177 680 1227 pariter
702 1190 897 1225 removetur,
925 1187 1014 1218 larva
1037 1187 1176 1227 fugatur.

290 1249 337 1268 235
476 1239 551 1270 Post
573 1238 634 1270 iter
658 1238 813 1279 arripiens
837 1238 985 1270 comitatu
1009 1238 1160 1278 religioso

391 1290 535 1330 exequiis
559 1290 663 1321 subito
687 1289 861 1330 gentilibus
885 1290 996 1321 obvius
1021 1290 1095 1321 exit.

392 1342 466 1373 dum
490 1344 580 1382 putat
603 1341 676 1372 inde
700 1341 774 1372 vehi
797 1341 883 1372 cultu
907 1341 1078 1372 simulacra
1101 1341 1249 1381 profano.

60 1474 99 1496 die
118 1474 227 1496 officium
248 1474 314 1501 erat,
337 1471 488 1494 interclusus
507 1478 519 1494 a
539 1471 629 1500 populo
647 1471 783 1498 defuisset,
805 1471 911 1493 turbatis
931 1471 1066 1499 ministris,
1088 1471 1146 1493 dum
1166 1474 1312 1500 expectatur
1330 1472 1372 1501 qui
1393 1478 1440 1494 non
1460 1472 1557 1498 aderat,
1580 1480 1644 1495 1111115
1662 1480 1675 1495 e

59 1515 277 1539 circumstantibus
297 1517 395 1544 sumpto
414 1513 545 1543 psalterio„
571 1520 644 1542 quem
664 1514 772 1543 primum
791 1520 890 1536 versum
909 1514 1020 1541 invenit,
1041 1514 1154 1543 arripuit.
1196 1515 1228 1542 (6)
1250 1514 1359 1543 psalmus
1378 1517 1461 1537 autem
1480 1516 1519 1538 hic
1538 1519 1604 1539 erat:
1634 1516 1677 1539 ‘ex

60 1565 98 1581 ore
116 1559 248 1581 infantium
269 1560 293 1580 et
312 1557 456 1579 lactantium
477 1557 606 1585 perfecisti
625 1556 722 1578 laudem
744 1558 844 1586 propter
869 1556 982 1578 inimicos
1008 1558 1078 1585 tuOS,
1104 1559 1133 1579 ut
1157 1556 1270 1579 destruas
1295 1558 1426 1580 inimicum
1452 1561 1477 1580 et
1501 1558 1676 1582 defensorem:

62 1608 109 1631 quo
127 1601 190 1624 lecto
210 1601 299 1623 clamor
318 1600 403 1629 populi
423 1599 533 1625 tollitur,
563 1606 618 1628 pars
638 1599 735 1621 diversa
754 1599 923 1622 confunditur.
966 1599 998 1628 (T)
1020 1601 1095 1628 atque
1114 1600 1148 1621 ita
1167 1599 1279 1622 habitum
1299 1603 1349 1629 est,
1372 1600 1456 1623 divino
1476 1604 1538 1623 nutu
1559 1602 1678 1630 psalmum

59 1644 125 1666 hunc
142 1644 234 1666 lectum
251 1644 331 1666 fuisse
351 1650 370 1666 e.
392 1650 414 1672 q.
436 1650 454 1665 s.

128 1688 168 1715 10,
190 1687 205 1708 ἱ.)
229 1686 313 1715 Atque
333 1686 382 1715 ita⁷
404 1685 496 1714 plenus
516 1685 671 1707 auctoritatis
690 1687 715 1706 et
734 1685 838 1713 gratiae,
862 1685 974 1713 inplebat
993 1685 1101 1714 episcopi
1121 1685 1285 1715 dignitatem,
1315 1688 1342 1708 ut
1361 1692 1408 1708 non
1428 1689 1510 1709 tamen
1530 1687 1680 1716 propositum

62 1729 171 1752 monachi
191 1729 359 1757 virtutemque
379 1727 513 1752 desereret.
554 1728 585 1756 (3)
616 1727 760 1756 aliquandiu
779 1734 836 1756 ergo
856 1727 999 1749 adhaerenti
1019 1728 1049 1750 ad
1069 1728 1197 1750 ecclesiam
1216 1729 1306 1751 cellula
1324 1736 1385 1751 usus
1404 1733 1453 1752 est:
1481 1729 1536 1751 dein
1563 1736 1617 1751 oum
1644 1730 1682 1751 in-

63 1771 235 1801 quietudinem
255 1778 281 1794 se
300 1771 514 1800 frequentantium
534 1770 596 1793 serre
610 1777 658 1793 non
672 1773 763 1800 posset,
787 1770 882 1792 duobus
902 1771 953 1792 fere
973 1772 1043 1792 extra
1062 1771 1188 1793 civitatem
1208 1771 1309 1793 milibus
1328 1772 1505 1795 monasterium
1525 1773 1572 1794 sibi
1593 1773 1682 1794 statuit

61 1821 80 1838 e.
95 1822 116 1844 q.
132 1821 150 1836 s.
227 1814 257 1843 (5)
283 1813 399 1843 discipuli
414 1814 464 1836 fere
478 1814 601 1842 octoginta
615 1816 693 1842 erant,
716 1813 759 1842 qui
773 1813 803 1835 ad
817 1813 960 1842 exemplum
974 1813 1038 1835 beati
1053 1814 1163 1841 magistri
1177 1814 1385 1837 instituebantur.
1428 1816 1460 1843 (6)
1482 1821 1552 1837 nemo
1566 1815 1600 1837 ibi
1614 1816 1682 1844 quic-

61 1864 133 1886 quam
146 1857 273 1886 proprium
286 1864 307 1880 e.
323 1865 344 1886 11.
360 1865 379 1880 s.
423 1858 471 1886 (11,
496 1857 517 1885 I)
540 1856 583 1878 sed
598 1858 626 1878 ut
640 1856 748 1885 reliquas
762 1856 868 1878 virtutes
883 1857 945 1884 eiUS,
962 1863 1022 1885 quas
1035 1857 1062 1878 in
1076 1856 1219 1885 episcopatu
1234 1857 1292 1887 egit,
1315 1857 1449 1886 adgrediar,
1473 1860 1523 1880 erat
1537 1857 1596 1880 haut
1611 1858 1682 1886 longe

63 1900 91 1922 ab
105 1899 194 1929 oppido
208 1900 337 1929 proximus
356 1899 505 1922 monasterio
524 1899 600 1927 locus,
622 1906 697 1928 quem
716 1899 777 1921 falsa
796 1898 923 1921 hominum
943 1899 1033 1928 opinio⁷
1056 1899 1126 1921 velut
1139 1899 1291 1928 consepultis
1305 1901 1339 1922 ibi
1353 1900 1507 1929 martyribus,
1531 1903 1679 1922 sacraverat:

67 1942 96 1972 (9)
119 1949 173 1965 nam
188 1945 212 1965 et
225 1943 301 1965 altare
313 1943 348 1965 ibi
362 1950 375 1965 a
387 1942 559 1972 superiOribus
572 1942 694 1971 episcopis
709 1942 875 1964 constitutum
889 1942 1032 1964 habebatur.
1066 1941 1110 1964 sed
1123 1942 1245 1964 Martinus
1265 1949 1312 1965 non
1331 1945 1424 1965 temere
1444 1943 1563 1965 adhibens
1582 1943 1683 1964 ins-ercis

64 1985 135 2008 fldem
149 1992 168 2008 e.
182 1993 202 2015 q.
215 1992 234 2008 s.
294 1986 324 2014 (3)
341 1998 374 2001 —
387 1985 493 2014 quodam
508 1984 548 2006 die
561 1985 646 2013 paucis
661 1991 743 2006 secum
758 1984 875 2006 adhibitis
890 1984 1009 2006 fratribus
1022 1984 1051 2006 ad
1066 1984 1143 2007 locum
1158 1985 1246 2014 pergit.
1283 1985 1314 2014 (4)
1334 1985 1424 2008 dehinc
1437 1992 1512 2014 super
1525 1985 1683 2014 sepulchrum

63 2028 141 2057 ipsum
161 2028 262 2051 adstans
280 2029 358 2051 oravit
376 2028 405 2051 ad
425 2028 565 2056 dominum,
594 2029 623 2049 nt
647 2028 703 2056 quis
728 2030 794 2049 esset
820 2027 858 2049 vel
877 2027 949 2049 cuius
968 2027 1050 2049 meriti
1070 2030 1136 2050 esset
1155 2028 1269 2056 sepultus
1288 2028 1438 2050 ostenderet⁴
1478 2031 1529 2050 tum
1551 2034 1683 2050 conversus

64 2070 92 2092 ad
110 2071 202 2093 laevam
221 2071 290 2093 videt
308 2077 382 2101 prope
401 2071 523 2093 adsistere
543 2071 655 2093 umbram
675 2070 814 2098 sordidam,
842 2072 951 2093 trucem:
980 2071 1087 2099 imperat
1106 2077 1195 2093 nomen
1215 2071 1383 2100 meritumque
1402 2071 1553 2100 loqueretur.
1594 2077 1682 2093 nomen

65 2113 150 2143 edicit,
178 2114 208 2136 de
227 2115 334 2137 crimine
353 2115 496 2137 confitetur:
526 2114 643 2136 latronem
663 2120 688 2135 se
708 2113 799 2141 fuisse,
831 2114 860 2135 ob
880 2113 970 2135 scelera
989 2120 1149 2142 percussum,
1170 2113 1240 2142 vulgi
1260 2120 1339 2136 errore
1359 2114 1524 2137 celebratum:
1551 2114 1599 2136 sibi
1618 2113 1683 2135 nihil

65 2163 119 2179 cum
138 2157 285 2185 martyribus
304 2163 357 2179 esse
376 2163 519 2185 commune,
546 2164 602 2179 cuni
621 2157 678 2179 illos
697 2156 786 2184 gloria,
814 2162 840 2177 se
859 2162 939 2185 poena
957 2156 1085 2179 retineret.
1127 2157 1158 2184 (5)
1181 2156 1270 2178 mirum
1290 2157 1315 2178 in
1335 2156 1433 2180 modum
1454 2163 1537 2179 vocem
1556 2157 1680 2185 loquentis

66 2200 107 2228 qui
125 2199 226 2222 aderant
244 2200 390 2229 audiebant,
419 2206 549 2229 personam
568 2201 651 2221 tamen
670 2205 718 2221 non
738 2198 865 2221 videbant.
903 2201 957 2221 tum
976 2199 1102 2221 Martinus
1121 2199 1181 2227 quid
1200 2199 1308 2221 vidisset
1326 2200 1443 2228 exposuit
1463 2200 1585 2228 iussitque
1605 2206 1636 2221 ex
1655 2206 1684 2221 eo

67 2242 116 2264 loco
134 2242 216 2271 altare,
239 2243 304 2272 quod
322 2243 356 2264 ibi
378 2243 466 2271 fuerat,
489 2243 638 2271 submoveri,
660 2245 735 2271 atque
754 2242 788 2264 ita
806 2241 926 2271 populum
947 2242 1133 2271 superstitionis
1152 2242 1221 2264 illius
1241 2242 1346 2265 absolvit
1364 2249 1452 2265 errore.

135 2286 174 2314 12³,
199 2287 210 2307 l
236 2286 335 2308 Accidit
354 2288 437 2308 autem
455 2286 598 2315 insequenti
618 2288 741 2314 tempore,
764 2285 822 2307 dum
842 2285 890 2307 iter
908 2288 1007 2313 ageret,
1029 2287 1057 2307 ut
1076 2285 1177 2313 gentilis
1196 2285 1324 2307 cuiusdam
1344 2292 1446 2314 corpus,
1470 2285 1532 2314 quod
1552 2284 1580 2307 ad
1601 2284 1685 2314 sepul-

69 2327 152 2350 chrum
176 2334 231 2350 oum
255 2328 427 2357 superstitioso
452 2329 540 2350 funere
564 2328 736 2356 deserebatur,
764 2328 863 2350 obvium
890 2327 1002 2349 haberet:
1033 2328 1239 2356 conspicatusque
1267 2328 1364 2350 eminus
1392 2328 1547 2350 venientium
1578 2328 1681 2355 turbam,

68 2370 184 2399 quidnam
209 2370 235 2393 id
262 2374 328 2394 esset
351 2371 467 2399 ignarus,
494 2371 623 2400 paululum
649 2371 732 2393 stetit:
760 2377 817 2393 nam
842 2371 892 2392 sere
916 2371 1107 2399 quingentorum
1126 2377 1245 2399 passuum
1265 2371 1422 2392 intervallum
1442 2373 1506 2399 erat,
1534 2373 1562 2392 nt
1581 2370 1684 2392 difficile

135 2583 183 2606 215
199 2585 289 2613 psalm.
310 2585 334 2611 3,
357 2584 372 2606 3
485 2584 620 2606 infantium
642 2582 699 2605 Nm
814 2583 958 2605 lactantium
980 2582 1074 2605 P¹N51¹
1189 2584 1285 2612 persei-e
1310 2582 1329 2604 'I'
1441 2581 1489 2604 21⁴:
1509 2582 1638 2604 defensore
1658 2589 1685 2604 er

69 2625 194 2649 defonsore
214 2629 224 2649 1
246 2634 279 2650 m.
302 2627 325 2649 N
428 2627 535 2649 destruis
557 2624 588 2657 L]
608 2626 712 2648 disti-uis
731 2626 784 2648 rell.
892 2626 977 2654 inquid
997 2625 1025 2647 1’1
1133 2624 1179 2647 217
1201 2623 1273 2655 atria]
1293 2626 1338 2647 tria
1355 2624 1383 2646 Ρ1
1490 2624 1537 2647 220
1559 2631 1606 2646 xm
1626 2624 1684 2649 ΝΜ,

69 2674 95 2690 x1
115 2668 157 2690 PT
274 2676 306 2691 DE
327 2675 405 2691 FALSO
424 2675 543 2691 MARTIRF.
564 2669 586 2691 N
706 2668 754 2690 223
774 2669 838 2695 olym
860 2668 882 2690 N
999 2667 1049 2691 22ss
1069 2668 1177 2690 tumulos
1197 2668 1241 2690 alit
1260 2668 1288 2696 B,
1310 2668 1418 2689 tumulos
1438 2668 1488 2689 adit
1508 2667 1537 2689 1st
1643 2675 1684 2690 se-

70 2709 182 2742 pulchro]
201 2712 360 2741 sepulchrum
380 2711 449 2735 codd.
474 2712 623 2741 (sepult-rum
643 2712 661 2733 S
789 2710 837 2733 2:42
857 2712 965 2733 cernitur
985 2717 1030 2733 om.
1051 2710 1069 2731 'l'
1186 2710 1233 2732 2214
1254 2711 1329 2732 altare
1351 2709 1387 2731 N‘l
1491 2710 1540 2732 235
1560 2717 1603 2732 xiv
1626 2710 1683 2737 ΝΜ,

72 2760 108 2776 xri
130 2754 171 2776 ΡΨ
275 2755 393 2783 relegioso
414 2754 451 2783 Pl,
474 2755 594 2780 relligioso
615 2754 657 2775 BL
763 2753 812 2775 2305
831 2754 946 2781 gentibus
968 2753 1000 2777 Μ,
1024 2753 1184 2782 pergentibus
1205 2753 1246 2774 ΙίΙ,
