2038 3036
54 697 82 716 10

54 953 81 973 15

51 1219 80 1239 ’ΖΟ

51 1485 80 1505 25

50 1745 78 1764 30

51 2011 80 2031 35

632 120 724 146 VITA
745 119 917 147 SANCTAE
937 120 1190 147 RADEGVNms.
1677 123 1714 151 47

105 225 164 257 gns
196 218 338 257 speraret
364 215 472 245 lumen
494 214 639 245 accendit
662 217 693 245 et
715 214 836 254 tenuit,
870 214 959 246 euius
982 215 1134 246 beneficio
1158 217 1231 246 ante
1255 214 1366 254 fugata
1390 217 1462 246 sunt
1484 213 1601 253 frigora
1624 224 1717 253 quam

106 270 191 299 esset
213 267 348 298 candela
371 268 568 306 consumpta.

193 327 254 367 (75)
283 326 316 357 Si
339 328 466 367 propter
488 323 677 356 brevitatem
701 325 801 356 multa
824 325 1112 366 praetermittimus,
1140 325 1212 366 plus
1236 335 1415 366 peccamus.
1455 325 1555 365 Igitur
1574 324 1716 366 purgatis

103 377 254 410 velociter
276 377 426 417 reliquis,
460 376 593 407 dilatato
617 376 773 416 remedio,
810 377 998 416 carpentarii
1022 377 1186 408 cuiusdam
1210 387 1304 415 uxor,
1340 377 1413 408 dum
1437 376 1581 417 plurimis
1606 376 1718 407 diebus

103 428 302 469 inergumine
325 430 532 468 torqueretur,
561 427 753 458 venerabilis
777 427 846 458 eius
871 428 1034 459 abbatissa
1057 428 1237 459 ioculariter
1260 427 1336 459 dicit
1359 427 1400 458 ad
1417 430 1574 458 sanctam:
1602 427 1714 461 Crede.

103 483 221 521 mater,
252 478 489 511 excommunico
512 481 561 517 te,
589 478 614 509 si
638 478 721 510 intra
744 478 803 510 1100
825 479 963 510 11·1(11111111
987 479 1100 510 mulier
1122 479 1202 511 haee
1225 479 1266 510 ab
1289 479 1379 510 hoste
1402 482 1538 519 purgata
1560 489 1622 509 non
1646 478 1718 509 red-

103 532 197 563 ditur.
239 531 327 562 Dixit
350 531 456 572 plane,
484 529 541 561 sed
564 529 639 561 fecit
663 533 804 560 sanctam
829 530 994 562 mulierem
1015 531 1137 562 occulte
1154 530 1314 562 reficiendi
1331 533 1472 571 tempore
1488 530 1713 570 paenitentem.

108 584 167 624 (76)
195 582 264 620 Quo
290 592 330 613 ne
353 591 510 613 moremur
532 580 609 621 quid
633 584 737 612 actum
762 581 821 620 sit,
856 582 958 612 altera
980 581 1032 613 (110
1057 585 1167 613 saneta
1190 585 1338 622 precante
1363 581 1564 612 adversarius
1588 581 1717 620 rugiens

102 644 159 675 per
181 644 289 665 aurem
314 633 499 674 egrediens,
534 632 681 663 invasum
704 633 869 663 vasculum
894 633 1029 672 (leserit,
1057 633 1170 664 mulier
1194 643 1264 663 cum
1288 632 1400 663 marito
1425 642 1533 673 sospes
1557 632 1638 663 redit
1661 632 1719 663 ho-

102 685 243 726 spitium.
295 685 355 725 (77)
383 685 451 716 Nec
480 683 561 715 illud
589 687 806 724 praetereatur
836 684 919 724 quod
950 687 997 715 est
1027 688 1131 715 actum
1155 683 1362 715 simillimum.
1410 684 1513 723 Rogat
1535 683 1719 715 beatissima

102 737 142 768 de
171 737 240 768 loeo
271 746 327 767 suo
360 735 456 767 evelli
480 735 623 766 arborem
647 735 786 766 validam
811 735 892 766 lauri
916 739 947 767 et
969 735 1010 766 ad
1034 745 1123 766 suam
1148 735 1296 766 cellulam
1319 745 1375 775 pro
1398 735 1591 766 iocunditate
1614 738 1717 766 trans-

102 787 186 819 ferri.
235 787 303 825 Quo
326 787 428 826 facto,
458 787 692 828 transplantata
714 797 776 817 non
801 786 995 818 adhaerente
1018 787 1141 819 radice.
1178 786 1212 817 fit
1234 789 1298 817 tota
1321 786 1406 817 foliis
1430 785 1531 816 arida.
1580 785 1638 817 Cui
1662 786 1718 816 ab—

101 839 225 871 batissa
247 838 430 870 ioculariter
452 838 587 879 inputat,
613 837 676 869 nisi
698 842 843 869 exoraret
865 841 899 869 ut
922 838 1014 869 arbor
1036 841 1140 869 terrae
1164 837 1363 876 adhaereret,
1392 837 1481 868 sede
1499 837 1568 868 cibo
1585 846 1718 877 suspen-

102 891 201 923 deret.
249 890 341 928 Quod
368 900 430 922 non
452 889 589 921 inaniter
612 889 731 921 dictum
755 892 820 929 est,
856 900 929 921 nam
953 892 1064 921 sancta
1086 889 1302 921 intercedente
1325 888 1428 928 foliis,
1463 888 1576 927 ramis,
1613 888 1717 919 radice

102 942 211 974 laurus
235 941 354 973 siccata
376 941 518 973 reviruit.

191 1002 251 1042 (78)
278 1002 326 1033 De
350 1001 566 1033 monachabus
590 1000 747 1041 quaedam
772 1000 832 1032 sibi
853 1000 1050 1040 familiarior,
1078 1000 1166 1032 cuius
1183 1010 1222 1031 ex
1238 999 1369 1031 humore
1387 999 1517 1039 sanguis
1535 1001 1717 1030 contexerat

101 1053 236 1093 oculum,
264 1053 465 1094 adprehensa
486 1052 586 1084 herba
609 1052 771 1091 absinthii,
799 1063 893 1092 quam
919 1055 1029 1084 sancta
1053 1052 1135 1083 circa
1155 1055 1265 1093 pectus
1282 1054 1316 1082 ut
1332 1051 1534 1091 refrigeraret
1550 1051 1713 1090 habuerat,

101 1115 171 1137 cum
202 1115 298 1146 super
325 1105 449 1136 oculum
480 1104 597 1145 posuit,
632 1104 721 1135 dolor
750 1107 781 1135 01
813 1114 902 1135 cruor
924 1114 996 1135 mox
1021 1104 1133 1143 effugit
1155 1106 1186 1135 et
1209 1103 1248 1134 (10
1272 1103 1432 1134 viriditate
1455 1102 1572 1133 herbae
1596 1101 1717 1143 puritas

100 1156 181 1188 lucis
212 1156 351 1188 emicuit.
403 1157 463 1196 (79)
492 1156 668 1187 Revocetur
698 1155 868 1186 memoriae
899 1155 983 1195 quod
1012 1155 1143 1186 tacitum
1174 1165 1277 1196 paene
1308 1154 1480 1195 praeteriit.
1529 1153 1718 1184 Andercdus

100 1218 201 1248 agens
225 1208 369 1239 eiusdem
392 1207 614 1245 beatissimae,
652 1217 721 1238 cum
747 1207 807 1238 sibi
831 1206 887 1238 filii
911 1210 1131 1246 nascerentur,
1160 1216 1237 1246 quos
1261 1209 1295 1237 ut
1317 1206 1439 1237 videret
1461 1215 1534 1236 mox
1557 1204 1713 1245 perderet,

101 1263 132 1291 et
155 1259 308 1300 cogitaret
331 1259 467 1300 sepelire
491 1261 592 1290 mater
614 1258 713 1289 tristis
737 1258 811 1289 dum
833 1261 966 1298 pareret,
995 1258 1174 1289 exanimem
1190 1257 1380 1288 infantulum
1397 1256 1554 1288 lacrimosi
1571 1259 1718 1297 parentes

99 1311 219 1343 iactant
248 1311 280 1342 in
312 1314 441 1343 sanctae
470 1310 619 1341 cilicium.
667 1309 728 1346 Qui
760 1310 998 1341 saluberrimam
1022 1313 1143 1341 vestem
1167 1319 1239 1340 mox
1263 1308 1359 1349 panni
1383 1308 1497 1339 nobilis
1521 1307 1641 1347 attigit,
1676 1306 1717 1337 ad

100 1362 239 1394 officium
269 1362 366 1394 vitale
396 1361 479 1393 redit
506 1361 612 1393 infans
643 1361 682 1392 de
711 1361 821 1392 funere
846 1364 877 1392 et
900 1361 1016 1392 rubens
1040 1361 1127 1392 levat
1150 1360 1189 1392 de
1213 1360 1310 1401 pallio
1333 1360 1435 1400 pallor
1458 1358 1579 1391 vicinus
1603 1357 1644 1389 ad
1666 1360 1718 1388 111-

99 1415 232 1446 mulum.

1740 324 1882 354 XXXIII

1740 997 1877 1028 XXXIV

191 1475 250 1516 (80)
280 1473 357 1512 Quis
388 1477 533 1505 numeret
555 1473 714 1505 mirabilia
737 1484 818 1514 quae
842 1472 957 1505 Christi
981 1472 1161 1504 misericors
1185 1475 1332 1513 operatur
1355 1469 1544 1502 clementia?
1588 1468 1715 1500 Animia
1738 1469 1862 1500 XXXV

99 1526 256 1558 monacha
286 1525 360 1557 dum
392 1529 478 1557 tanto
509 1525 662 1566 hydropis
692 1525 799 1556 morbo
831 1525 1003 1556 tumefacta
1033 1524 1231 1563 tenderetur,
1266 1526 1299 1554 ut
1322 1523 1410 1553 salus
1433 1524 1516 1553 esset
1538 1521 1569 1551 in
1594 1520 1712 1559 ultimo,

100 1581 131 1610 et
155 1577 328 1619 deputatae
352 1586 473 1609 sorores
498 1580 687 1618 spectarent,
715 1587 776 1616 quo
800 1579 957 1608 momento
981 1576 1147 1607 exhalaret
1170 1574 1327 1616 spiritum,
1354 1573 1424 1605 visa
1447 1576 1494 1604 est
1517 1572 1564 1603 1111
1587 1581 1643 1612 1101·
1666 1580 1717 1602 so—

98 1640 206 1672 porem
241 1639 312 1661 cum
345 1628 529 1661 veneranda
563 1628 725 1660 abbatissa
758 1629 853 1660 beata
884 1627 1091 1668 Radcgundis
1126 1627 1157 1658 in
1192 1627 1305 1657 balneo
1341 1625 1408 1656 sine
1443 1624 1564 1664 liquore
1598 1622 1716 1653 nudam

98 1681 208 1713 iubere
239 1680 445 1712 descendere.
499 1681 557 1721 (Sl)
586 1680 710 1711 Deinde
742 1690 837 1711 manu
867 1680 981 1711 beatae
1011 1679 1081 1710 visa
1112 1681 1160 1710 est
1190 1678 1294 1709 oleum
1323 1679 1473 1716 aegrotae
1506 1684 1600 1716 super
1623 1676 1717 1714 caput

99 1733 261 1765 effundere
292 1736 323 1764 et
351 1742 434 1764 nova
463 1735 552 1763 veste
584 1735 763 1772 contegere.
812 1731 880 1769 Quo
911 1734 1038 1772 peracto
1069 1729 1234 1771 mysterio,
1268 1727 1433 1768 evigilanti
1466 1727 1505 1758 de
1536 1735 1649 1766 sopore
1677 1724 1715 1755 de

98 1785 208 1816 morbo
232 1784 312 1815 nihil
336 1783 499 1825 apparuit,
526 1783 571 1814 ita
594 1786 628 1814 ut
650 1793 710 1814 nec
733 1783 943 1814 subsudasset
966 1786 997 1814 et
1020 1782 1104 1813 intus
1127 1792 1211 1822 aqua
1234 1783 1421 1821 consumpta
1444 1779 1494 1810 sit.
1542 1778 1611 1815 Quo
1635 1786 1715 1807 novo

99 1837 158 1868 sub
189 1836 340 1867 miraculo
371 1846 432 1866 non
460 1834 587 1874 reliquit
610 1834 641 1865 in
665 1838 754 1865 utero
778 1844 836 1865 nec
859 1834 986 1865 morbus
1010 1833 1190 1873 vestigium.
1238 1832 1321 1863 Nam
1344 1840 1425 1872 quae
1450 1828 1637 1861 credebatur
1660 1827 1716 1858 de—

98 1887 175 1920 ferri
197 1896 351 1929 praeceps
375 1887 417 1918 ad
441 1886 613 1926 tumulum,
640 1886 727 1917 levat
750 1885 791 1917 ad
815 1895 939 1917 cursum
964 1885 1004 1917 de
1028 1885 1162 1924 lectulo,
1189 1886 1223 1915 ut
1246 1883 1308 1914 olei
1329 1881 1543 1914 testimouium
1567 1879 1643 1911 odor
1665 1878 1715 1909 in—

99 1942 185 1972 esset
208 1939 321 1981 capitis
345 1941 376 1970 et
398 1937 519 1970 ventris
541 1937 630 1969 nulla
653 1936 819 1978 pernicies.

190 2001 250 2041 (82)
278 1998 460 2030 Proferatur
492 1998 525 2029 in
559 1997 662 2029 medio
697 2008 758 2037 quo
788 1997 964 2037 gratuletur
992 1997 1089 2037 regio.
1139 1994 1284 2034 Quadam
1314 1994 1384 2026 vice
1414 1992 1619 2025 obumbrante
1650 1990 1713 2022 iam

186 2163 196 2187 1
218 2165 324 2194 figurata
343 2162 372 2185 Ρ1
478 2162 492 2186 3
511 2163 568 2192 plns
586 2160 729 2193 peccamus]
748 2168 794 2185 om.
815 2161 842 2184 M
944 2161 958 2184 4
979 2161 1082 2190 reliquis
1102 2161 1220 2184 uelociter
1244 2160 1264 2182 T
1367 2159 1441 2181 dilato
1464 2159 1484 2181 G
1588 2153 1714 2187 plurimis]

99 2209 125 2231 in
145 2208 259 2238 plurimis
278 2207 299 2229 P
420 2205 434 2228 ι’)
454 2204 623 2237 inergumine]
643 2205 710 2234 PM1,
732 2206 886 2233 inergumino
906 2204 934 2233 G,
956 2205 982 2227 in
1003 2204 1163 2233 energumino
1186 2203 1205 2225 T
1316 2199 1483 2233 torqueretur]
1503 2201 1591 2230 spiritu
1611 2199 1668 2222 add.
1694 2199 1714 2220 Τ

100 2251 114 2275 7
134 2254 218 2274 saneta
238 2250 282 2272 LE
413 2251 526 2279 penitere
548 2249 567 2271 Τ
707 2248 721 2271 8
740 2248 803 2278 quod
827 2246 889 2277 GL2,
912 2248 954 2270 sed
974 2254 1005 2270 110
1026 2254 1147 2270 moremur
1166 2247 1247 2269 dicere
1267 2246 1327 2275 quid
1350 2245 1369 2267 Τ
1505 2241 1600 2273 sancta]
1619 2250 1666 2265 om.
1690 2241 1715 2263 M

100 2295 115 2318 9
135 2301 248 2323 egressus
271 2294 290 2316 T
428 2293 541 2315 deseruit
560 2295 584 2315 et
603 2292 692 2315 mulier
714 2292 733 2313 Τ
866 2289 965 2323 marito]
986 2290 1118 2319 PlGLET,
1140 2291 1226 2312 merito
1246 2287 1313 2311 P2M
1444 2287 1581 2317 hospitium
1601 2285 1663 2307 redit
1683 2284 1711 2313 L,

99 2338 164 2360 redit
182 2338 207 2359 in
227 2336 338 2366 hospicio
358 2336 385 2365 Ε,
407 2337 498 2359 reuisit
516 2336 655 2365 hospitium
677 2335 697 2357 Τ
856 2334 884 2357 10
904 2335 1022 2357 similium
1046 2334 1066 2356 G
1218 2332 1243 2355 11
1268 2332 1352 2355 cellam
1374 2330 1423 2353 PM
1574 2328 1602 2351 12
1621 2330 1671 2350 toto
1694 2328 1713 2348 (i

102 2380 131 2403 13
151 2378 213 2412 nisi]
232 2380 296 2409 quod
315 2380 365 2402 nisi
387 2379 407 2401 Τ
511 2377 552 2410 de]
571 2386 584 2401 a
606 2379 625 2400 T
747 2377 777 2400 14
798 2376 882 2409 ramis]
902 2380 926 2400 et
945 2377 1002 2400 add.
1027 2377 1046 2399 T
1154 2376 1183 2399 16
1202 2376 1309 2398 familior
1330 2374 1357 2396 M
1461 2372 1489 2395 17
1510 2369 1640 2402 absinthii]
1660 2369 1710 2398 ET,

99 2424 206 2446 absentii
220 2423 296 2453 PGL,
316 2423 443 2445 absenthii
458 2421 491 2451 M,
506 2422 539 2451 ‘'f-
558 2422 658 2444 Fortun.
680 2421 705 2444 V.
724 2420 757 2444 M.
774 2421 820 2451 IV,
836 2423 886 2444 546
990 2420 1175 2448 refrigeraretur
1191 2419 1210 2440 T
1316 2417 1345 2440 18
1365 2417 1461 2446 effugiit
1475 2414 1507 2437 Gl
1614 2413 1643 2436 19
1663 2420 1714 2435 me-

99 2467 175 2489 moria
194 2465 214 2487 G
321 2466 394 2488 tacite
416 2465 459 2487 LE
571 2464 602 2487 20
622 2462 690 2495 mox]
710 2467 734 2486 et
753 2463 810 2486 add.
834 2462 883 2485 PM
994 2462 1025 2486 22
1046 2463 1139 2485 iactent
1162 2461 1192 2483 Gl
1298 2458 1352 2491 qui]
1371 2462 1399 2483 ut
1418 2459 1473 2481 add.
1500 2458 1537 2487 (T)
1644 2453 1713 2487 mox]

100 2515 147 2532 om.
172 2509 191 2530 T
295 2508 326 2531 23
346 2507 420 2540 redit]
440 2516 487 2531 om.
514 2508 533 2530 T
637 2508 705 2530 leuat
723 2520 756 2523 —
774 2504 911 2538 tumulum]
935 2506 1011 2536 pallor
1031 2506 1132 2528 uicinus
1151 2505 1245 2527 tumulo
1265 2504 1334 2526 leuat
1353 2503 1381 2525 (10
1402 2503 1475 2532 pallio
1496 2501 1515 2523 T
1620 2499 1713 2522 uicinis

101 2550 138 2574 M¹
277 2550 309 2574 26
328 2554 425 2574 tantum
447 2551 513 2581 (GT)
654 2550 685 2573 27
705 2549 851 2578 exaltarent,
873 2556 925 2578 erp.
948 2556 962 2571 n
985 2548 1003 2571 L
1134 2548 1218 2570 uisum
1241 2547 1260 2568 T
1398 2544 1430 2568 28
1449 2543 1515 2576 cum]
1535 2543 1598 2573 quod
1617 2550 1672 2565 eum
1695 2542 1714 2563 T

100 2593 132 2617 29
150 2594 248 2618 iuberet
268 2594 318 2616 ΡΜ
420 2601 507 2617 manus
529 2593 548 2616 T
653 2594 724 2616 beata
744 2592 793 2614 PM
897 2599 970 2622 super
989 2594 1062 2621 capnt
1081 2594 1190 2619 aegrotae
1210 2591 1292 2613 oleum
1311 2591 1349 2612 est
1370 2589 1389 2611 T
1525 2588 1555 2609 30
1576 2586 1713 2609 ministerio

102 2637 122 2660 T
227 2638 363 2667 euigilante
382 2637 440 2667 PM,
460 2638 581 2666 uigilaute
604 2637 623 2658 G
729 2637 763 2658 nil
783 2636 813 2658 de
832 2636 914 2658 morbo
933 2636 957 2657 in
977 2642 1005 2657 ea
1025 2634 1139 2664 apparuit
1160 2634 1179 2655 T
1301 2632 1329 2655 31
1351 2639 1439 2661 aquam
1459 2630 1489 2653 Pl
1606 2628 1636 2652 32
1657 2626 1713 2659 sub]

99 2687 147 2704 om.
165 2681 185 2703 T
289 2688 334 2704 nec
354 2678 463 2711 morbus]
482 2679 539 2707 PM,
561 2687 605 2702 nec
625 2679 700 2702 morbi
723 2679 751 2708 G,
774 2687 819 2702 nec
838 2686 900 2701 mors
920 2685 964 2701 1100
984 2678 1060 2700 morbi
1083 2677 1190 2701 (morbus
1205 2676 1232 2705 Ε)
1252 2676 1305 2704 LE,
1326 2676 1423 2698 morbus
1442 2682 1487 2697 nec
1509 2674 1528 2695 T
1633 2674 1663 2695 :33
1683 2673 1713 2695 (10

100 2725 191 2747 lectulo
210 2724 339 2747 adcursum
363 2723 382 2745 T
515 2723 659 2746 testimonio
678 2722 729 2751 LE,
754 2723 800 2744 olei
820 2722 878 2745 odor
897 2722 991 2744 inesset
1010 2721 1083 2750 capiti
1103 2720 1131 2742 ad
1152 2720 1321 2742 testimonium
1344 2719 1363 2740 T
1501 2716 1531 2739 :54
1552 2714 1631 2747 nulla]
1651 2717 1713 2738 foret

101 2767 156 2790 add.
182 2767 202 2789 T
307 2766 337 2789 35
357 2765 416 2798 quo]
435 2769 484 2789 tcta
503 2766 560 2789 add.
586 2766 606 2787 T
708 2766 793 2794 religio
815 2765 858 2787 LE

1737 1993 1766 2024 »χ

1770 1993 1799 2024 >4
