2116 3010
405 138 427 169 X
436 139 461 170 X
469 139 476 168 Ι
485 138 506 168 Υ
1090 130 1314 157 ΙἪΟΟΕΜΙΥΜ.

1176 328 1240 365 IV.

487 409 640 463 Quoniam
665 425 704 455 dc
729 422 931 454 recensendis
958 422 1119 453 Fortunati
1143 422 1298 462 poematis
1321 421 1399 452 satis
1423 421 1617 462 disputatum
1641 426 1698 459 est,
1727 424 1825 452 restat
1848 425 1882 452 ut
1904 421 2014 462 paucis

403 486 597 526 explicemus
621 484 745 524 qualern
771 483 801 513 in
826 481 1009 521 digerendis
1032 481 1203 522 opusculis,
1231 481 1262 512 iu
1286 481 1453 512 cnotandis
1476 481 1618 512 codicum
1643 480 1815 521 seripturis,
1842 480 1875 511 in
1899 480 2017 512 consti—

403 545 526 576 tuendis
557 543 695 582 deniqne
729 542 891 572 verborum
924 541 1030 572 formis
1060 541 1211 572 rationem
1244 540 1342 572 secuti
1373 540 1482 570 simus.
1538 544 1632 580 atque
1662 540 1762 581 primo
1793 539 1920 579 quiden]
1948 539 2016 571 loco

402 603 582 635 conlocandi
616 607 703 634 erant
736 601 879 632 undecim
911 600 1084 631 carminum
1110 600 1180 631 libri
1204 600 1320 640 quibus
1344 600 1480 631 insertae
1505 603 1576 631 sunt
1600 599 1739 640 pedestri
1764 609 1908 631 sermone
1932 609 2017 630 com-

404 664 522 705 positae
554 662 709 703 epistulae
741 666 834 701 atque
865 660 1015 691 orationis
1045 659 1222 691 dominicae
1252 659 1450 700 symbolique
1473 659 1698 700 expositiones.
1748 659 1821 691 huie
1843 659 2016 690 carminum

402 723 520 764 corpori
545 722 627 761 quod
651 732 711 752 non
735 721 871 752 solidum
897 724 929 751 ut
960 730 998 751 cx
1030 720 1129 760 ipsius
1160 723 1274 760 poetae
1306 729 1400 750 manu
1432 718 1608 759 prodierat,
1642 719 1698 750 sed
1725 719 1870 750 mutilum
1893 722 1928 750 ut
1949 722 2018 750 erat

401 784 440 813 ab
463 782 626 822 archetypi
650 781 791 812 codicum
817 783 941 820 practer
964 782 990 809 Σ
1013 782 1139 810 auctore
1163 778 1219 809 illo
1242 778 1283 810 ad
1307 782 1448 819 posteros
1471 778 1620 810 traditum
1644 787 1716 810 esse
1739 778 1921 818 docuimus,
1949 778 2018 810 edi-

404 848 484 872 tores
515 841 566 881 qui
591 841 725 872 antehac
751 840 875 871 fuerunt
898 839 1036 870 carmina
1062 838 1212 869 nonnulla
1236 838 1406 870 Fortunato
1429 848 1490 869 non
1516 838 1581 869 iure
1605 838 1767 879 adscripta
1790 838 1832 870 ad
1855 838 2017 870 arbitrium

403 902 620 932 int'nlcicbant.
668 910 748 940 quac
781 910 836 930 nos
865 899 994 931 exulare
1018 898 1105 930 iussa
1129 898 1202 929 huie
1225 897 1378 929 volumini
1401 897 1589 939 appendicis
1613 898 1680 929 loeo
1703 898 1908 930 subiecimus.
1955 898 2018 929 iam

402 972 470 992 curn
503 961 708 1001 capitulorum
739 959 842 991 indice
872 959 904 990 in
934 958 1096 990 codicibus
1122 958 1350 999 praefationem
1374 958 1539 989 Fortunati
1569 957 1749 998 excipiente
1779 958 1850 998 ipsa
1879 958 2019 999 capitula

404 1022 495 1062 plane
527 1020 710 1052 concinunt,
746 1020 788 1050 ita
819 1019 946 1058 quidem
979 1022 1011 1049 nt
1041 1017 1176 1049 subinde
1206 1018 1279 1049 bina
1309 1017 1449 1049 carmina
1479 1027 1633 1059 personae
1664 1017 1768 1049 eidem
1798 1017 1945 1050 eidemve
1975 1018 2020 1049 rei

402 1080 559 1111 destinata
589 1080 647 1110 sub
681 1090 741 1110 uno
771 1079 918 1110 lemmate
949 1077 1266 1118 conipreliendantur.
1314 1077 1404 1109 vides
1434 1077 1574 1109 Browcn'
1605 1081 1660 1109 aut
1688 1077 1801 1109 Luehii
1830 1077 1970 1109 ordinem
2001 1088 2021 1108 a

405 1139 550 1170 libroruin
575 1139 725 1170 memoria
750 1138 950 1170 recedentem
975 1137 1094 1168 serrari
1119 1137 1270 1168 intactum
1294 1147 1357 1168 non
1380 1137 1533 1178 potuisse.

491 1200 561 1230 l'ost
587 1198 730 1230 nndccini
758 1198 853 1229 libros
877 1197 1033 1229 conlocari
1059 1197 1198 1237 oportuit
1220 1197 1359 1228 carmina
1382 1197 1415 1228 in
1437 1199 1464 1227 Σ
1486 1200 1623 1236 servata,
1651 1200 1684 1228 ut
1708 1207 1789 1238 quae
1813 1197 1887 1228 olim
1911 1207 2022 1238 eorpo-

405 1259 446 1288 ris
472 1262 592 1299 partein
618 1258 715 1289 fuisse
739 1261 857 1289 certum
882 1257 932 1288 sit.
980 1257 1094 1296 quilms
1125 1256 1208 1296 qnod
1239 1256 1315 1288 addi
1339 1260 1448 1298 posset
1471 1267 1567 1288 unum
1592 1261 1660 1288 erat
1682 1257 1722 1289 de
1746 1257 1930 1297 Magnerieo
1953 1257 2022 1298 cpi-

406 1329 498 1359 scopo
523 1328 651 1348 carmen
676 1328 714 1348 ex
738 1317 803 1348 vita
827 1317 896 1348 eius
920 1327 939 1347 a
957 1316 1102 1348 Browero
1126 1316 1256 1348 editum.
1299 1320 1448 1348 secuntur
1470 1320 1616 1357 quattuor
1640 1317 1711 1348 libri
1734 1317 1774 1348 de
1797 1317 1864 1348 vita
1887 1318 1919 1348 S.
1939 1317 2023 1348 Mar-

404 1377 458 1408 tini
484 1388 625 1408 scorsum
650 1376 767 1408 traditi.

492 1438 538 1468 Ue
555 1437 671 1477 spuriis
688 1436 782 1467 verbo
798 1436 987 1467 monendum
1006 1435 1140 1467 videtur.
1181 1440 1276 1476 atquc
1293 1436 1401 1476 hymni
1425 1436 1553 1476 quidem
1583 1438 1707 1477 [al—10>
1735 1440 1854 1468 temere
1870 1436 2026 1468 Venantio

405 1497 553 1537 adscripti
573 1500 603 1527 et
618 1496 696 1537 ipsis
713 1495 861 1535 genuinis
886 1496 918 1535 (Ι,
944 1498 990 1526 16.
1022 1496 1059 1531 ll,r
1081 1498 1110 1526 2.
1131 1499 1159 1524 lii
1189 1496 1313 1527 refutati
1338 1496 1495 1527 vindicem
1521 1507 1581 1527 non
1606 1496 1709 1536 magis
1733 1497 1916 1527 excitabunt
1931 1507 2024 1536 quam

407 1556 508 1587 cruci>=
541 1556 740 1595 signaculum
769 1557 807 1595 [2Ἰ
843 1559 896 1586 aut
927 1557 959 1586 S.
988 1555 1142 1586 Martialis
1173 1556 1310 1595 elogium
1340 1558 1394 1596 (3).
1443 1566 1505 1587 non
1536 1556 1640 1596 magis
1670 1556 1709 1588 de
1741 1556 1861 1588 Mariae
1891 1556 2026 1596 virginis

409 1616 588 1646 laudatione
611 1615 794 1655 ambiguum
819 1625 889 1646 esse
914 1618 1015 1655 potest
1041 1615 1200 1646 iudicium.
1243 1615 1364 1647 scilieet
1386 1615 1443 1647 illa
1467 1616 1693 1648 sententiarum
1717 1620 1748 1648 et
1771 1616 1961 1648 locutionum
1986 1627 2025 1647 ex

411 1675 499 1705 libris
523 1675 620 1705 sacris
645 1678 863 1715 excerptaruni
888 1674 1048 1706 incondita
1072 1675 1199 1715 farrago
1223 1678 1255 1706 et
1278 1679 1390 1707 natura
1413 1685 1471 1707 sua
1494 1679 1526 1707 et
1548 1685 1691 1707 sermone
1715 1676 1810 1717 plane
1832 1676 1981 1708 abhorret
2008 1687 2027 1707 a

413 1735 557 1765 Venantii
583 1735 733 1765 facultate
758 1738 788 1765 et
812 1734 1052 1766 consuetudine.
1099 1734 1183 1774 quod
1207 1735 1362 1766 curiosius
1386 1745 1442 1776 per
1463 1739 1653 1775 argumenta
1677 1735 1838 1776 explicare
1861 1746 1898 1767 eo
1922 1736 2027 1767 miuus

411 1794 623 1825 necessarium
656 1794 779 1825 ridetur
809 1804 869 1834 quo
897 1794 1012 1825 certius
1037 1804 1234 1825 numerorum
1259 1805 1295 1826 ae
1320 1795 1487 1836 prosodiae
1511 1795 1707 1836 degenerata
1730 1795 1858 1827 lieentia
1882 1795 2026 1827 fraudem

410 1854 569 1894 ¹scriptoiis
595 1854 754 1885 Fortunati
780 1864 892 1884 nomen
917 1854 1038 1885 mentiti
1063 1854 1227 1885 evincunt:
1263 1855 1352 1885 euius
1382 1855 1426 1886 rei
1452 1855 1481 1886 in
1505 1855 1610 1887 indice
1634 1855 1763 1887 metrico
1787 1855 1905 1896 passim
1929 1855 2027 1887 docu-

412 1918 515 1944 incnta
533 1914 674 1945 invenies
704 1914 750 1953 [cf.
772 1913 810 1945 de
828 1914 1014 1954 pentametri
1032 1917 1061 1944 ct
1080 1913 1252 1945 hexametri
1271 1914 1357 1946 exitu
1374 1918 1490 1954 notata⁷
1516 1915 1675 1946 nominum
1693 1915 1880 1956 praesertim
1897 1915 2027 1955 quadri-

411 1974 606 2013 syllaborum
631 1983 811 2004 mensuram
842 1975 926 2003 millio
954 1974 1035 2013 (11Ιέ
1064 1975 1217 2013 ,κ-μῑῑι,·ι’ὶι“.ςη3
1247 1976 1327 2013 ΜΗ)
1356 1976 1497 2005 unatim-es
1525 1976 1586 2015 (65)
1614 1977 1799 2005 sacrament(
1824 1976 1905 2016 (2-11]
1934 1975 2024 2015 alia).

413 2032 584 2063 editoribus
609 2043 681 2063 vero
707 2033 850 2063 Browero
874 2036 904 2063 ct
930 2032 1063 2066 buchio,
1099 2033 1252 2064 sermonis
1275 2034 1383 2073 reique
1407 2034 1557 2065 metricae
1581 2035 1766 2075 plerumque
1791 2035 1929 2075 securis,
1961 2035 2026 2070 veri

416 2092 583 2123 l=¹ortunati
613 2092 702 2123 cuins
727 2092 860 2123 lectione
886 2092 965 2124 satis
989 2092 1126 2123 imbutus
1151 2096 1227 2124 erat.
1255 2093 1416 2125 adfectata
1440 2093 1516 2125 loeis
1539 2094 1699 2125 nonnullis
1722 2094 1898 2126 imitatione
1922 2095 2026 2127 fucum

415 2152 485 2182 t'ecit
511 2156 706 2192 personatus.

501 2211 738 2252 l)iscrepantem
763 2212 905 2243 codicum
932 2212 1096 2243 lectionem
1121 2212 1245 2243 enotavi
1269 2212 1424 2253 integram
1449 2217 1574 2254 praeter
1598 2213 1745 2245 librorum
1763 2224 1824 2245 uon
1841 2215 2028 2256 praecipuo-

417 2281 499 2302 rnin.
536 2271 719 2311 praesertim
749 2274 771 2300 F
791 2276 822 2303 ct
847 2274 886 2309 Ιέ,
921 2271 1115 2312 corruptelas
1140 2271 1294 2312 proprias⁴
1350 2275 1369 2302 1'
1391 2276 1422 2303 et
1451 2275 1538 2312 l’1¹11.7
1565 2273 1626 2304 nisi
1650 2273 1725 2313 quid
1749 2277 1804 2305 aut
1827 2279 2028 2306 correxerunt

416 2335 469 2361 :int
495 2331 740 2361 memorabiliter
762 2331 979 2363 coniecerunt.
1015 2341 1167 2371 nusquam
1199 2331 1290 2362 attuli
1321 2331 1380 2362 nisi
1405 2332 1445 2363 ad
1470 2332 1707 2364 diiudicandum
1732 2333 1874 2364 codicum
1901 2337 1925 2363 Ι)
1949 2339 1980 2366 et.
2005 2338 2028 2365 (ἶ

419 2390 507 2420 lidcni
550 2400 576 2420 r.
605 2396 658 2429 su).
708 2391 801 2421 ctiam
834 2390 1078 2431 orthographiae
1109 2390 1251 2421 codicum
1275 2391 1402 2431 plenam
1428 2391 1501 2423 dedi
1526 2392 1684 2425 notitiam:
1719 2393 1810 2424 omisi
1834 2404 1848 2423 c
1871 2405 1924 2433 ac,
1959 2397 1982 2425 li
2003 2398 2030 2425 (η’

417 2450 473 2479 nisi
505 2450 578 2489 quid
613 2450 672 2480 ista
703 2460 826 2490 quoque
856 2451 886 2481 in
918 2450 1069 2482 varietate
1103 2451 1249 2481 momenti
1280 2451 1383 2483 inesse
1408 2451 1584 2484 videretur:
1620 2463 1680 2483 non
1704 2453 1795 2484 omisi
1820 2458 2028 2486 consonantes

417 2509 536 2539 litteras
559 2509 588 2539 in
614 2510 837 2550 compositione
862 2510 1066 2550 sequentibus
1089 2510 1288 2541 adsimilatus
1311 2515 1366 2542 aut
1388 2521 1448 2542 non
1476 2511 1690 2551 adsimilatus,
1725 2513 1879 2553 neglectis
1910 2517 1942 2545 ut
1973 2525 2030 2555 par

417 2573 479 2599 crat
507 2582 531 2598 m
557 2574 586 2599 ct
612 2580 627 2597 n
654 2569 766 2600 litteris
791 2580 845 2610 per
869 2570 1002 2600 lincolas
1026 2569 1183 2601 indicatis.
1229 2570 1307 2601 hacc
1331 2570 1543 2602 :ulnotationis
1566 2571 1829 2612 ortlu›grapliieae
1852 2574 1952 2605 moles
1975 2584 2029 2605 eo-

419 2638 482 2658 rnm
517 2628 710 2668 potissimum
740 2629 769 2659 in
797 2639 884 2660 nsum
910 2629 1114 2670 proponenda
1138 2629 1306 2660 videbatur
1328 2640 1458 2669 qnorum
1483 2630 1615 2662 interest
1637 2631 1794 2663 scribendi
1820 2633 1972 2665 rationem
1996 2633 2027 2664 in

419 2688 576 2717 veteribus
609 2688 696 2718 libris
720 2693 951 2729 comparentem
977 2699 1178 2727 cognoscere.
1227 2700 1338 2731 nempe
1363 2689 1463 2731 ipsius
1487 2690 1646 2731 scriptoris
1671 2691 1804 2723 eandem
1830 2692 1929 2725 fuisse
1952 2703 2028 2725 eon-

419 2747 615 2777 srn-tndincin
649 2758 685 2777 nc
716 2758 868 2778 conscnsn
901 2748 1027 2788 quidem
1055 2749 1201 2779 librorum
1228 2760 1287 2780 uno
1310 2750 1482 2790 exemplari
1507 2750 1707 2781 ‹n-inndoiann
1733 2751 1877 2783 eflicitur.
1926 2763 2027 2792 neque
