2038 3036
485 111 507 137 Ι.
534 110 653 137 INDEX
672 110 949 138 GRAMMATICAE
970 111 1017 137 ET
1036 111 1293 138 ELOCVTIONIS.

116 208 139 230 V
158 207 172 230 6
191 213 266 230 carm.
288 206 320 229 39
346 213 401 229 cara
419 205 464 228 deo
480 206 563 236 pietas
583 206 688 228 animam
708 206 749 228 dat
768 206 798 228 de
818 213 877 229 nece

117 242 178 265 solvi
213 241 246 263 VI
266 240 291 269 2,
314 239 360 263 112
380 247 453 269 quem
473 239 540 262 dedit
558 246 611 262 esse
631 242 725 269 patrem
758 241 781 262 X
800 240 823 269 7,
846 241 876 264 55

117 277 160 305 qui
180 276 209 298 de
228 277 300 305 peste
319 275 420 298 domum
440 274 533 297 salvam
552 274 621 296 dedit
634 281 688 296 esse
703 275 807 302 Lyconti
836 275 875 303 11,

117 309 149 333 22
173 316 234 339 quos
253 309 314 332 deus
334 309 489 338 omnipotens
509 308 549 330 hic
568 308 637 330 dedit
655 315 709 330 esse
728 315 798 338 pares
837 308 876 337 12⁵,

117 344 132 367 2
151 350 212 373 quos
230 343 300 366 dedit
318 343 477 372 omnipotens
495 342 598 364 luminis
617 349 670 365 esse
684 342 758 366 duces
792 342 829 372 11,
850 343 877 365 12

117 378 261 401 sollemnem
280 377 400 400 eeclesiae
418 377 458 399 hic
476 376 546 399 dedit
565 383 619 399 esse
639 376 712 399 diem.
733 389 767 392 —
786 384 805 400 c.
829 377 876 405 inf.

117 412 140 435 X
152 412 176 441 9,
193 411 224 435 80
244 414 269 434 et
287 411 387 441 populis
406 411 489 433 dulces
508 410 573 433 detis
585 411 674 433 habere
688 411 750 433 dies.
771 424 804 428 —
823 412 838 433 i.
855 419 876 440 q.

117 447 216 469 efficere
240 446 276 468 111
297 445 351 474 23³,
373 444 404 468 26
424 445 485 467 dans
510 447 592 474 pastor
614 445 710 467 meritis
733 451 764 467 ne
783 448 879 474 premat

117 487 181 504 error
200 486 256 503 oves
292 487 312 503 c.
333 486 384 502 ace.
403 486 423 502 c.
446 478 490 507 inf.
513 486 581 508 spur.
599 478 620 507 1,
639 478 685 501 196
704 479 803 508 solaque
823 479 878 501 dor-

118 515 208 537 mitans
228 516 264 537 tot
283 514 385 542 vigilare
404 513 482 536 dares.
503 526 537 529 —
561 514 576 536 i.
600 521 621 542 q.
644 514 723 535 facere
744 513 765 535 X
785 513 807 541 6,
832 512 879 536 106

118 549 160 572 001
177 549 239 571 deus
258 549 371 576 occurrit,
394 548 437 577 qui
455 547 524 570 dedit
543 549 607 569 astra
626 548 694 569 faber
706 550 749 570 etc.
770 560 803 563 ——
822 548 838 569 i.
855 555 876 576 q.

118 583 219 606 reddere
239 582 259 604 V
274 582 297 611 5,
314 581 346 605 34
365 588 425 611 quos
444 582 517 604 dabat
535 583 570 604 ira
583 584 664 604 truces
695 581 729 603 IX
747 581 767 609 1,
784 580 798 603 2
819 588 879 610 quos

119 617 189 640 dedit
207 617 271 639 alma
289 617 350 639 fides
369 617 491 644 religione
510 618 591 645 patres
627 622 683 645 app.
707 614 735 644 1,
757 615 788 638 72
812 622 880 644 pros-

119 652 199 681 perior
218 658 291 680 qnam
309 653 334 673 te
353 653 419 673 terra
437 650 559 678 Thoriuga
576 650 655 673 dedit.
676 662 709 666 -—
727 650 743 672 i.
763 657 785 679 q.
806 650 879 672 edere

119 686 180 709 VIII
205 686 235 715 3,
256 684 304 708 38ss
329 685 369 707 dat
393 698 427 701 —
451 685 481 707 ab
505 691 546 706 ore
581 691 638 714 app.
662 683 688 712 1,
710 683 742 706 28
763 685 878 706 funereas

118 720 218 749 planctu
239 726 284 742 nec
303 719 373 742 dedit
390 719 455 742 ullus
475 726 551 748 aquas

85 754 182 777 dativus
199 760 243 783 pro
262 754 287 776 in
306 760 326 777 0.
343 760 392 776 aec.
413 752 487 783 IIIS,
505 754 535 776 36
556 754 580 775 et
598 753 718 782 populum
738 752 828 781 gremio
842 752 880 774 fu-

119 788 156 811 dit
180 790 259 810 amata
283 790 326 810 tuo
361 788 384 810 V
404 787 431 816 5,
454 787 483 810 51
505 787 571 817 pluit
588 787 641 816 igni
659 787 731 809 triste
751 786 880 809 Gomorrae

117 823 179 845 VIII
198 821 221 850 4,
246 821 274 845 12
295 822 397 845 naribus
415 823 492 844 intrat
511 822 574 844 odor.
602 834 636 838 ——
660 820 693 849 cf.
716 821 808 843 devehi
833 821 879 843 dn-

117 864 169 879 cere
189 857 294 879 educere
314 857 412 879 mittere
431 856 510 879 redire
529 856 623 878 venire.
646 868 678 873 -—
697 855 730 884 cf.
751 862 880 884 compara-

117 892 182 914 tivus

83 925 112 948 de
131 926 141 948 I
155 924 179 954 9,
196 924 225 948 17
246 925 377 948 incolumis
390 938 424 941 -
436 924 466 947 de
480 926 549 953 peste
563 924 670 952 maligna
701 924 725 946 II
739 923 762 952 9,
780 923 810 946 32
830 931 879 947 11011

117 959 148 982 de
167 962 236 982 veste
255 960 346 988 nitens,
369 959 411 982 sed
430 959 522 988 pietate
541 959 642 988 placens
664 959 695 985 (11.
712 959 728 980 ι’.
747 958 819 986 V12,
836 958 875 987 82)

120 993 158 1023 14,
180 993 212 1017 28
230 997 259 1016 ut
277 995 358 1016 caelos
376 996 482 1023 peteret,
503 993 532 1016 de
552 1000 611 1015 nece
630 993 689 1014 fecit
706 993 755 1015 iter
787 992 825 1021 16,
848 993 878 1015 99

117 1028 219 1058 expavit
238 1028 319 1051 subito
337 1028 367 1050 de
386 1028 499 1050 libertate
518 1030 616 1056 recepta
652 1027 687 1049 III
710 1026 748 1056 12,
773 1026 801 1049 15
822 1035 879 1057 pas-

116 1066 176 1085 cunt
199 1063 281 1085 oculos
308 1062 337 1084 de
362 1069 443 1085 messe
468 1063 553 1084 futura
589 1060 642 1088 23³,
667 1060 696 1084 13
716 1068 797 1090 neque
816 1068 879 1084 mors

116 1097 147 1119 de
165 1097 268 1119 crimine
287 1096 378 1125 gaudet
400 1096 442 1126 (cf.
458 1096 494 1119 IV
508 1095 531 1124 2,
550 1095 579 1118 10
593 1097 614 1118 et
626 1096 718 1124 passim
732 1096 786 1119 sim.
808 1103 878 1125 grege

117 1131 146 1153 de
166 1130 260 1153 Christi
279 1128 372 1159 gaudia
385 1134 468 1160 pastor
486 1130 567 1158 habet)
608 1129 643 1152 IV
662 1130 691 1158 9,
716 1129 743 1152 11
765 1130 829 1152 1111111
850 1131 879 1153 08

118 1165 248 1188 nobilitate
266 1165 392 1188 secundus
428 1164 474 1193 26,
497 1164 528 1187 79
553 1164 638 1187 felices
657 1170 718 1193 quos
738 1164 806 1186 nulla
825 1172 879 1193 gra-

117 1202 175 1222 vant
193 1199 223 1222 de
243 1202 319 1222 morte
338 1199 446 1222 secunda
480 1199 516 1221 VI
535 1198 558 1226 2,
579 1197 610 1221 82
630 1198 730 1221 Traiani
750 1199 879 1228 ingenium

116 1233 146 1256 de
164 1235 258 1263 pietate
277 1234 354 1256 refers
391 1233 422 1256 8-1
447 1233 517 1257 Fabii
537 1233 567 1255 08
586 1233 679 1262 pietate
698 1234 780 1262 places
810 1234 878 1262 (VIII

117 1268 140 1297 3,
157 1267 196 1296 97)
230 1268 262 1291 95
281 1268 322 1290 illa
342 1268 428 1291 domus
447 1268 544 1297 proprio
563 1268 592 1290 de
612 1267 720 1296 pondere
740 1269 795 1290 tuta
807 1270 878 1290 tene-

117 1304 158 1324 tur
178 1302 311 1332 (propriore
330 1309 366 1331 p.,
387 1303 506 1332 propriori
525 1310 550 1332 p.
571 1301 651 1330 codd.)
690 1301 726 1323 IX
743 1301 763 1331 1,
783 1301 828 1325 103
849 1302 878 1324 de

117 1337 210 1359 virtute
228 1339 309 1366 pater,
331 1339 458 1365 reparatur
476 1336 616 1359 avunculus
635 1343 675 1358 ore
714 1335 760 1359 105
780 1337 879 1365 regibus

117 1371 228 1400 aequalis
247 1371 277 1393 dc
296 1372 403 1393 carmine
422 1371 498 1394 maior
516 1370 615 1393 haberis
651 1370 675 1399 2,
700 1369 746 1393 los
766 1371 877 1399 germine

117 1405 146 1427 de
165 1407 246 1428 vestro
265 1406 308 1434 qui
322 1405 381 1428 facit
393 1406 429 1427 ire
442 1406 496 1434 polo
532 1405 554 1427 X
572 1405 592 1432 l,
610 1404 641 1428 60
662 1405 749 1427 merito
763 1405 792 1427 de
805 1405 878 1434 culpa

117 1439 217 1469 vapulat
252 1439 275 1469 4,
300 1439 309 1462 1
332 1440 395 1468 quod
416 1442 454 1462 est
472 1440 501 1462 de
521 1446 629 1462 maerore
648 1439 770 1468 partimur

83 1473 243 1496 debacchare:
265 1474 341 1503 praes.
358 1473 372 1496 5
384 1475 473 1497 insana
487 1474 580 1496 Baccho
593 1474 674 1496 iudice
688 1473 875 1496 debaccharent.

115 1520 150 1525 -—
173 1507 208 1536 cf.
235 1508 282 1531 VM
307 1509 345 1531 111
366 1507 413 1531 129
439 1509 606 1537 flagellantum
632 1508 691 1530 dum
717 1507 879 1531 debacchatur

117 1549 199 1570 erinys

83 1576 164 1599 deberi
184 1577 207 1599 X
228 1576 266 1605 19,
292 1577 298 1600 1
322 1577 416 1600 venisti
435 1577 534 1600 tandem
554 1577 583 1599 ad
602 1576 666 1606 quod
685 1576 812 1599 debebaris

83 1611 153 1634 decet
171 1613 200 1633 ut
230 1612 267 1634 III
287 1611 310 1641 9,
333 1610 363 1634 67
384 1618 434 1634 11011
460 1611 531 1634 decet
558 1614 586 1634 ut
612 1611 700 1633 humili
720 1612 817 1634 tumulo
837 1614 878 1633 tua

118 1646 226 1668 membra
244 1648 361 1675 tegantur
396 1645 446 1668 VM
464 1646 488 1668 II
507 1645 555 1668 342
582 1652 638 1668 nam
663 1645 733 1668 docet
755 1648 783 1668 ut
802 1646 878 1668 victor

117 1679 201 1702 doceat
219 1687 262 1709 per
281 1681 352 1709 signa
370 1680 534 1710 triumphum.
555 1692 590 1696 —
607 1679 643 1708 cf.
664 1680 782 1703 condecet

83 1714 203 1737 deciduus
225 1714 247 1737 X
267 1714 291 1744 6,
313 1714 344 1737 85
363 1714 467 1738 decidua
486 1714 512 1737 in
531 1715 600 1737 senio
619 1715 690 1737 floret
708 1714 798 1737 honore
818 1721 878 1737 novo

120 1748 191 1777 (aula)

83 1783 196 1812 decipula
214 1783 237 1805 X
257 1782 279 1812 2,
302 1783 317 1806 4
336 1784 444 1806 veterata
463 1783 646 1806 machinatione
665 1783 793 1811 decipulae
829 1782 878 1804 VM

118 1818 142 1840 II
161 1816 210 1840 270
229 1817 419 1848 decipulamque
440 1825 508 1840 suam
529 1818 643 1846 deceptor
662 1818 743 1847 perdit
762 1818 787 1839 in
807 1817 877 1839 illum

84 1851 213 1874 declinatio
232 1853 258 1874 in
276 1859 308 1874 u:
336 1853 441 1880 yenatio.
463 1853 489 1874 in
507 1853 515 1874 i
546 1852 567 1874 V
588 1852 617 1879 6,
639 1852 653 1874 3
680 1853 749 1880 signo
774 1851 879 1880 singulti

121 1886 251 1916 (singultus
271 1886 325 1915 BL,
346 1886 378 1915 cf.
397 1886 407 1909 1
428 1886 512 1909 indice
531 1887 665 1915 singultu).
686 1900 719 1902 —
738 1885 836 1908 dativus
855 1887 880 1908 in

117 1927 137 1942 u·
152 1921 175 1943 ll
190 1919 213 1949 4,
230 1919 261 1943 32
281 1927 320 1943 ara
339 1923 440 1950 precatu
464 1920 545 1949 (curm.
568 1920 664 1950 quudr.)
706 1921 726 1943 V
740 1920 764 1949 2,
780 1920 812 1943 36
831 1927 878 1943 11011

118 1955 183 1984 perit
200 1961 250 1977 una
269 1955 323 1977 lacu
359 1955 395 1977 VI
417 1954 456 1983 10,
478 1954 508 1978 27
529 1956 618 1978 31100111
656 1962 711 1984 app.
734 1954 758 1981 2,
780 1955 811 1977 9ῑί
836 1955 879 1977 tri-

118 1989 178 2011 buas
191 1996 235 2012 sua
248 1990 302 2012 iura
315 1991 404 2012 senatu
440 1989 488 2012 VM
504 1990 513 2011 Ι
528 1989 575 2011 457
597 1996 622 2012 se
641 1989 778 2012 subducere
798 1995 878 2011 morsu

119 2023 157 2045 III
176 2022 224 2046 220
246 2030 336 2046 vacans
355 2024 439 2046 orandi
458 2024 550 2052 iugiter
569 2031 615 2046 usu
653 2023 701 2046 365
721 2024 797 2046 vetito
817 2023 879 2045 didi-

117 2060 204 2080 cerunt
222 2065 321 2087 parcere
340 2064 430 2080 morsu.
450 2071 484 2074 —
504 2059 529 2080 in
548 2059 573 2080 ui
593 2059 603 2080 1
624 2058 646 2087 7,
669 2058 683 2080 5
703 2060 730 2080 ut
748 2058 881 2080 famulare—

118 2094 159 2114 tur
176 2092 258 2114 domui
294 2092 343 2115 VM
362 2093 400 2115 III
419 2092 451 2115 94
471 2093 553 2115 domui
573 2095 600 2115 ut
619 2099 684 2114 mora
703 2093 808 2115 crastina
828 2094 878 2114 tar-

118 2126 159 2148 det
194 2126 228 2149 IV
248 2126 297 2149 450
323 2126 457 2156 domuique
483 2127 588 2149 medella
611 2127 702 2150 rediret
737 2125 785 2149 464
811 2133 879 2149 meae

118 2160 210 2185 domui.
229 2173 264 2177 —
282 2161 304 2183 X
318 2160 340 2189 2,
361 2160 389 2184 17
410 2162 524 2184 tonitrui.
545 2175 579 2178 —
597 2161 720 2184 ablativus
740 2162 765 2183 in
778 2168 790 2183 0
810 2168 876 2190 spur.

121 2194 142 2224 1,
165 2194 195 2218 62
215 2197 337 2218 tremente
356 2202 419 2224 geno
440 2195 515 2223 (genu
533 2194 606 2224 sm).
637 2209 670 2212 —
697 2203 746 2218 acc.
766 2196 832 2224 plur.
855 2196 880 2217 in

119 2235 158 2252 os:
180 2229 261 2252 domos
280 2230 291 2251 I
313 2229 351 2259 18,
376 2229 405 2252 12
428 2230 522 2259 (domus
542 2230 637 2259 mm).
659 2242 692 2246 ——
710 2229 742 2258 cf.
766 2230 859 2252 tonitru

84 2275 117 2280 -—
141 2264 167 2286 in
185 2271 212 2286 e:
240 2265 343 2292 yenetiv.
365 2271 392 2286 es
420 2264 469 2286 VM
489 2264 524 2286 IV
546 2264 592 2287 100
612 2267 637 2287 et
656 2264 732 2286 trahit
751 2264 809 2287 hora
827 2263 880 2286 dics

122 2296 179 2326 (diei
197 2298 230 2327 cf.
252 2298 302 2320 ind.
323 2299 415 2328 mein).
436 2311 470 2314 —
489 2300 592 2321 ceterum
611 2298 644 2327 ‘'f-
666 2299 763 2327 sinyula

86 2331 203 2354 decursus
220 2334 308 2361 partic.
330 2332 406 2362 1116,
423 2332 437 2356 S
457 2335 565 2362 tempore
584 2334 685 2356 decurso
722 2333 743 2355 V
766 2332 786 2362 1,
805 2331 814 2355 1
837 2333 880 2355 de-

119 2373 188 2389 curso
208 2367 305 2389 saeculo
341 2368 364 2389 X
383 2367 406 2396 2,
428 2367 442 2390 2
462 2368 492 2390 ad
512 2374 556 2389 nos
575 2368 677 2390 decursa
696 2369 773 2389 morte

86 2399 207 2423 detrudar-i
226 2401 260 2429 cs.
281 2401 329 2423 VM
349 2402 384 2423 IV
407 2401 452 2424 175
472 2402 647 2424 denudaretur
664 2404 759 2430 praeter
777 2401 826 2423 ΕΜ

87 2433 165 2457 deitas
184 2435 256 2464 1119,
273 2435 305 2458 48
325 2437 398 2458 unica
417 2437 546 2465 progenies
565 2443 596 2458 ex
615 2437 708 2458 deitate
727 2436 803 2465 patris
839 2434 877 2463 14,

123 2468 132 2491 l
154 2469 253 2492 deitatis
271 2471 348 2492 amice
385 2470 420 2492 IX
434 2470 457 2499 2,
474 2470 506 2493 84
525 2478 580 2493 cum
600 2471 701 2493 deitatis
719 2477 764 2499 ope
800 2470 835 2492 XI
856 2469 876 2498 1,

122 2502 152 2525 16
171 2503 200 2525 de
224 2504 315 2527 deitate
342 2505 417 2534 patris
440 2507 514 2533 atque
539 2505 584 2526 filii
621 2512 688 2534 spur.
713 2504 734 2534 1,
757 2504 788 2527 35
808 2504 879 2526 euius

119 2544 168 2560 non
187 2540 282 2567 poterat
300 2536 377 2561 deitas
396 2546 440 2568 per
458 2541 543 2568 aperta
562 2539 640 2561 videri
660 2538 709 2562 253

87 2570 200 2594 deliciare
218 2572 255 2595 XI
273 2572 327 2603 23³,
348 2572 363 2595 2
383 2576 408 2596 et
427 2573 502 2595 satiat
521 2574 587 2596 vario
606 2574 741 2596 deliciante
760 2573 810 2595 ioco

87 2605 214 2628 denarium
233 2607 271 2629 111
285 2606 325 2636 29,
343 2606 372 2630 17
392 2614 464 2629 nemo
483 2608 544 2630 mihi
563 2610 667 2636 vestem,
689 2607 790 2630 denaria
810 2613 880 2629 nemo

119 2640 243 2663 ministret

87 2673 194 2704 denique
217 2676 349 2698 sententias
368 2677 492 2699 conectens
511 2677 562 2698 sine
580 2677 759 2699 enumeratione
776 2676 877 2704 passim,

120 2708 152 2737 cf.
173 2709 184 2731 I
198 2708 238 2738 21,
255 2709 282 2739 5;
303 2710 326 2732 ΙΙ
341 2709 364 2738 3,
383 2709 425 2737 13;
448 2710 485 2732 ΙΙΙ
499 2710 523 2738 4,
539 2710 563 2733 3.
579 2710 608 2739 63
631 2711 665 2732 lx
681 2710 704 2739 2,
720 2710 767 2738 99;
790 2710 810 2732 X
826 2709 848 2738 4,
866 2708 880 2731 2

118 2745 251 2767 sententiae
268 2746 401 2773 praemissa
415 2745 533 2774 excipiens
547 2751 566 2768 e.
582 2752 604 2774 y.
628 2744 674 2768 VM
689 2746 711 2767 ll
727 2744 775 2767 283
812 2744 880 2773 qnasi
894 2756 895 2769 l

1638 114 1696 142 :397

939 207 1118 230 adversativum
1131 213 1150 229 e.
1167 214 1190 235 y.
1208 206 1256 228 VM
1268 207 1303 228 III
1316 206 1365 229 279
1397 207 1465 235 quasi
1477 206 1622 236 confirmans
1639 207 1662 235 (ι’.
1676 214 1698 235 11,

939 248 1044 270 namque
1064 241 1164 270 scilicet)
1188 241 1225 263 III
1245 240 1268 270 S,
1285 240 1299 263 9
1326 240 1348 263 X
1367 240 1389 270 6,
1408 240 1471 269 109;
1493 239 1516 269 9,
1533 241 1573 263 30.
1590 241 1635 269 69;
1660 240 1697 270 17,

940 275 968 298 31
1003 277 1028 298 in
1041 276 1217 298 enumeratione
1230 281 1279 297 non
1291 276 1420 297 novissimo
1433 275 1483 296 loco
1502 274 1537 296 IX
1551 274 1575 302 2,
1593 274 1622 297 19
1641 282 1701 297 enu-

939 311 1095 332 merationem
1113 309 1230 332 claudens
1250 310 1287 331 ΙΙΙ
1307 308 1329 338 2,
1353 308 1366 331 3
1392 309 1427 331 Vl
1447 308 1470 337 2,
1494 308 1524 331 75
1544 311 1586 331 etc.

905 344 1003 372 depasci
1023 351 1042 366 c.
1059 351 1112 372 yen.
1135 344 1157 365 X
1171 343 1195 371 2,
1212 343 1225 365 5
1246 343 1317 365 cuius
1336 343 1461 366 occasione
1475 343 1558 365 vitalis
1571 343 1700 366 alimoniae

940 385 1002 400 mors
1021 378 1101 406 coepit
1119 378 1218 406 depasci

906 411 1049 440 deponentia
1073 411 1106 439 cf.
1128 412 1197 434 abuti
1222 412 1351 441 complecti
1376 411 1492 440 conqueri
1516 411 1608 440 exequi
1633 411 1700 440 loqui

941 446 1043 468 mercari
1063 446 1146 468 mirari
1166 446 1275 468 nancisci
1294 446 1367 467 ordiri
1386 446 1472 475 partiri
1490 446 1553 467 tueri
1567 446 1652 468 tutari.
1668 459 1701 462 —

941 480 1029 502 certari
1048 480 1146 508 migrari
1166 480 1307 508 participari
1327 480 1420 508 patesci
1432 479 1532 508 percelli
1548 480 1654 502 vernari.
1668 493 1700 496 —

941 513 1098 536 admodulare
1122 514 1235 536 cavillare
1261 514 1408 536 debacchare
1432 513 1556 536 dominare
1584 514 1701 537 famulare

941 548 1046 570 iaculare
1066 548 1219 570 inlacrimare
1238 548 1362 570 lacrimare
1381 548 1516 570 lamentare
1536 548 1633 570 medere
1652 555 1702 570 1110-

940 588 993 604 rere
1013 584 1154 611 percontare
1174 582 1286 610 pollicere
1306 582 1443 611 pollicitare
1462 582 1580 611 populare
1603 589 1701 611 precare

941 616 1085 645 progredere
1105 622 1157 639 rere
1177 616 1282 645 spatiare
1301 622 1386 644 vagare
1406 622 1531 639 venerare.
1553 629 1585 632 —
1604 616 1636 644 cf.
1658 616 1701 638 ad-

942 652 1014 679 eptus

907 684 1038 713 deposcere
1057 691 1078 706 c.
1093 691 1143 706 «100Δ
1158 691 1179 707 c.
1195 683 1243 712 inf.
1275 684 1313 706 ΙΙΙ
1328 682 1350 713 2,
1367 683 1381 705 5
1401 683 1476 705 Felici
1490 697 1524 700 —
1537 691 1575 706 me
1587 697 1618 700 -
1633 692 1702 707 com-

941 718 1051 740 mendari
1070 718 1183 747 deposco.
1204 731 1237 734 —-
1256 717 1290 746 cf.
1311 717 1415 746 deposco
1434 720 1462 740 ut
1480 718 1501 740 V
1525 717 1545 745 1,
1567 718 1582 740 9

907 752 1046 781 depretiare
1076 752 1098 774 V
1118 752 1140 778 6,
1163 752 1177 774 6
1198 759 1228 774 118
1248 752 1342 774 vilitate
1362 752 1435 780 pretii
1456 752 1637 781 depretiaretur
1656 752 1700 774 tibi

941 793 1033 809 merces
1053 787 1142 815 captivi

907 821 1037 843 derodere:
1058 821 1135 850 praes.
1158 820 1171 842 5
1192 820 1275 842 deroso
1294 820 1352 841 flore
1371 820 1488 842 carminis

907 855 1056 877 descendere
1076 854 1221 877 discendere
1244 854 1264 875 V
1285 853 1308 883 6,
1330 852 1344 876 S
1364 853 1537 877 discendentes
1557 854 1577 876 Α

941 889 1075 912 eendentes
1094 891 1143 917 opt.
1164 891 1185 911 et
1204 889 1236 910 sie
1256 889 1282 910 in
1300 894 1365 919 309,χ

907 924 1028 946 desiccare
1048 924 1085 945 III
1108 923 1146 950 11,
1171 922 1198 945 17
1219 923 1334 951 pauperis
1354 922 1410 944 hinc
1429 922 1541 944 lacrimas
1561 923 1668 945 desiccas

907 958 1035 987 despicere
1054 958 1103 987 fere
1122 957 1242 987 dispicere
1261 956 1329 979 codd.
1344 959 1438 985 praeter
1453 955 1497 978 GL
1520 957 1561 986 [cf.
1579 957 1614 979 ΙΙΙ
1629 957 1651 984 6,
1669 956 1700 979 31

941 992 1000 1014 VIII
1023 991 1051 1020 l,
1071 991 1124 1021 49).
1153 1005 1187 1008 —
1214 991 1276 1013 VIII
1296 990 1324 1020 4,
1347 990 1378 1013 25
1398 991 1498 1020 despice
1518 990 1541 1013 Σ
1562 990 1604 1020 (cf.
1627 990 1656 1019 5,
1677 991 1699 1019 3)

941 1027 975 1049 lx
998 1026 1036 1053 11,
1058 1026 1072 1048 6
1093 1026 1201 1055 despicis
1218 1027 1314 1054 praeter
1332 1025 1353 1046 A

906 1061 1053 1090 desponsare
1073 1061 1097 1082 II
1119 1059 1157 1088 16,
1182 1059 1228 1082 125
1248 1059 1395 1088 desponsata
1413 1060 1466 1082 viro

907 1095 1034 1118 detentare
1054 1094 1089 1116 XI
1104 1094 1143 1123 21,
1161 1093 1174 1117 3
1190 1101 1234 1117 1180
1254 1094 1307 1116 volo
1326 1100 1393 1116 nune
1411 1094 1500 1116 absens
1520 1100 1568 1116 una
1588 1093 1702 1116 detenter

940 1133 968 1152 ut
987 1130 1045 1153 hora

907 1164 994 1186 devehi
1014 1164 1049 1186 XI
1070 1162 1111 1192 25,
1134 1162 1146 1185 7
1168 1162 1281 1185 Cariacae
1301 1161 1406 1185 devehor
1425 1162 1494 1184 aulae
1513 1168 1532 1184 e.
1556 1169 1576 1191 q.
1599 1168 1617 1184 s.

907 1198 1074 1221 deversorium
1097 1197 1259 1219 diversorium
1281 1197 1300 1218 V
1322 1196 1343 1225 1,
1366 1196 1379 1218 7
1399 1196 1561 1218 diversorium
1581 1195 1649 1219 codd.

907 1233 1025 1256 diaconus
1045 1232 1129 1254 diacon
1150 1232 1184 1254 IV
1200 1231 1239 1258 15,
1256 1231 1269 1253 3
1292 1231 1428 1253 Bobolcuus
1446 1230 1536 1253 honore
1555 1230 1650 1252 diacon.
1668 1244 1701 1246 —

940 1267 1064 1289 diaconem
1085 1266 1135 1289 ind.
1152 1273 1205 1295 cup.
1228 1266 1264 1287 Ill
1278 1264 1309 1288 28
1325 1265 1354 1294 Α,
1377 1266 1412 1287 tit.
1428 1266 1467 1287 III
1480 1264 1512 1287 28
1527 1265 1548 1286 1¹¹
1567 1264 1598 1287 29
1613 1264 1703 1287 ALRF

941 1301 972 1324 30
995 1300 1092 1323 CMRF.
1114 1314 1146 1316 —
1164 1300 1198 1328 ef.
1219 1300 1374 1322 archidiacon

905 1336 1018 1358 diadema
1033 1336 1125 1364 passim

906 1370 1028 1393 dialectici
1047 1369 1095 1391 VM
1115 1375 1154 1397 ep.
1176 1369 1204 1391 ad
1226 1368 1298 1396 Grcg.
1322 1367 1331 1390 l

906 1405 1015 1433 dialogus
1038 1404 1085 1426 VM
1099 1410 1139 1433 ep.
1156 1404 1184 1426 ad
1198 1403 1269 1431 Greg.
1285 1402 1299 1425 3
1319 1402 1443 1431 reliquum
1457 1402 1521 1431 quod
1534 1401 1622 1430 dialogi
1638 1409 1703 1424 more

940 1439 1068 1461 subnectit

906 1474 958 1495 dico
977 1474 1033 1502 quia
1053 1473 1077 1495 II
1093 1471 1131 1501 15,
1148 1472 1162 1495 S
1177 1472 1243 1494 tilius
1262 1474 1290 1493 ut
1309 1471 1392 1493 dicant
1411 1470 1469 1499 quia
1487 1472 1525 1492 est
1537 1472 1649 1492 creatura
1662 1470 1701 1492 (101

941 1508 962 1530 X
980 1507 1000 1535 l,
1017 1506 1048 1529 :59
1063 1507 1083 1529 si
1102 1507 1160 1535 quis
1179 1506 1244 1528 dicat
1262 1506 1321 1535 quia
1333 1518 1367 1521 —-
1380 1505 1440 1527 deus
1461 1512 1509 1527 non
1528 1505 1633 1533 inspirat
1669 1504 1701 1527 42

940 1542 1050 1564 dicamus
1069 1554 1102 1557 —
1121 1541 1180 1570 quia
1199 1540 1265 1563 nihil
1283 1539 1339 1562 boni
1360 1539 1423 1561 velle
1442 1539 1561 1561 habemus

906 1576 1003 1599 diecula
1022 1576 1070 1598 VM
1085 1576 1121 1597 III
1137 1575 1167 1597 95
1182 1574 1287 1604 hospitis
1301 1587 1332 1590 -
1346 1576 1416 1596 tenet
1428 1580 1480 1595 una
1493 1573 1591 1595 diecula
1606 1574 1702 1595 vultum

906 1611 959 1633 dies
978 1609 1011 1638 cf.
1034 1610 1079 1632 VM
1096 1611 1131 1632 III
1146 1609 1195 1632 466
1214 1611 1307 1638 quanto
1326 1614 1387 1631 zona
1405 1608 1445 1630 die
1463 1607 1574 1636 lapidum
1594 1607 1704 1630 radiabat

940 1645 1049 1667 honor-‹22›

906 1680 1027 1708 diffugere
1046 1678 1074 1701 de
1087 1684 1137 1700 uno
1151 1678 1232 1707 aliquo
1251 1684 1307 1706 app.
1324 1676 1365 1705 30,
1381 1676 1395 1699 5
1415 1676 1549 1704 diffugiens
1567 1676 1650 1698 vacuis
1665 1683 1702 1698 me

940 1713 1060 1736 abscondo
1080 1713 1190 1735 cavernis
1227 1712 1273 1734 VM
1293 1712 1303 1734 Ι
1323 1710 1372 1734 459
1392 1717 1436 1733 nec
1455 1710 1518 1739 pede
1538 1710 1638 1739 diffugit
1667 1711 1702 1733 IV

941 1748 989 1771 695
1010 1748 1156 1776 diffugiente
1174 1760 1206 1763 —-
1227 1747 1280 1769 lnce

907 1783 1012 1805 diffusus
1032 1783 1042 1804 Ι
1058 1781 1080 1811 3,
1097 1781 1111 1804 2
1131 1788 1234 1810 quorum
1248 1781 1337 1802 diffuso
1354 1779 1460 1808 (defusio
1473 1778 1541 1801 codd.
1555 1781 1650 1807 practer
1662 1779 1704 1801 (10-

942 1817 996 1839 11150
1010 1817 1060 1841 BL]
1084 1817 1146 1838 vivit
1165 1816 1189 1838 in
1209 1816 1266 1837 orbe
1285 1815 1359 1837 decus
1390 1814 1439 1836 VII
1456 1813 1494 1841 10,
1511 1813 1525 1835 6
1544 1815 1573 1835 ut
1591 1815 1633 1835 tua
1652 1813 1702 1835 dif-

1614 854 1628 876 9
1649 854 1700 877 dis-

941 1852 995 1873 11150
1018 1851 1126 1879 (diffusio
1145 1851 1238 1879 optimi)
1261 1850 1312 1871 sint
1330 1849 1395 1871 bona
1414 1850 1471 1870 nota
1489 1849 1541 1870 1000
1579 1848 1599 1869 V
1615 1847 1638 1876 5,
1657 1847 1702 1870 126

941 1885 1031 1908 diffuso
1053 1885 1161 1913 (dlss'usio
1182 1884 1210 1913 L)
1233 1884 1338 1905 interius
1357 1883 1459 1912 spiritus
1480 1882 1536 1910 igne
1557 1882 1649 1903 micans

906 1920 997 1949 dignus
1016 1927 1036 1942 c.
1058 1919 1108 1941 dut.
1137 1919 1160 1941 II
1183 1918 1222 1947 Il,
1246 1918 1274 1940 15
1294 1917 1345 1939 lilia
1363 1917 1436 1945 digna
1455 1917 1529 1945 patri.
1556 1929 1584 1931 —
1613 1916 1703 1943 dignus

941 1955 984 1983 qui
1004 1961 1024 1976 ε.
1040 1953 1092 1976 ind.
1113 1953 1146 1975 VI
1162 1952 1184 1981 1,
1203 1952 1248 1975 112
1266 1952 1341 1981 digna
1358 1952 1408 1973 fuit
1427 1951 1522 1979 species
1541 1951 1622 1979 potuit
1641 1957 1703 1979 quae

941 1989 1038 2010 flectcre
1058 1994 1148 2016 regem.
1170 2000 1202 2003 —
1222 1987 1313 2014 dignus
1332 1986 1455 2013 01101110,
1477 1985 1498 2007 X
1520 1984 1558 2013 19,
1580 1984 1594 2007 4
1614 1985 1703 2012 dignus

940 2023 1069 2045 habebaris
1088 2022 1145 2044 haec
1165 2022 1213 2044 duo
1232 2021 1307 2048 digna
1326 2026 1413 2047 regens

906 2057 1043 2080 dihacresis
1062 2057 1109 2078 VM
1131 2063 1169 2085 ep.
1192 2056 1221 2077 ad
1241 2055 1314 2083 Greg.
1337 2054 1347 2077 1
1369 2052 1500 2086 διαιρέσεις
1521 2053 1562 2082 (νβ.
1578 2052 1647 2081 adn.)

906 2092 1023 2114 dilectare
1037 2090 1096 2119 fort,
1112 2097 1168 2119 app.
1183 2090 1206 2119 5,
1220 2089 1232 2111 7
1245 2089 1327 2111 dulcia
1340 2088 1460 2111 dilectaus
1478 2088 1610 2116 (dclcetans
1620 2087 1700 2115 codd.)

907 2126 998 2155 diplois
1018 2126 1039 2147 V
1059 2124 1074 2148 6
1093 2132 1167 2147 carm.
1190 2124 1203 2147 4
1222 2123 1331 2153 diploide
1351 2123 1413 2145 lucis
1432 2122 1509 2152 operti
1533 2122 1652 2151 (dyploide
1671 2123 1700 2149 (ι’,

942 2160 1060 2189 duploide
1078 2159 1141 2188 rell.)

907 2195 990 2224 dipsas
1009 2201 1077 2223 spur.
1103 2193 1123 2221 l,
1148 2192 1195 2215 160

907 2228 1038 2258 diptychus
1060 2228 1079 2250 X
1096 2227 1118 2256 7,
1135 2228 1166 2250 36
1186 2227 1225 2249 cui
1239 2226 1310 2249 hodie
1324 2226 1351 2247 in
1364 2225 1464 2254 templis
1480 2224 1613 2254 diptychus
1634 2224 1703 2253 (dyp-

942 2263 1007 2285 ticus
1026 2263 1056 2290 A,
1078 2262 1187 2291 dipticus
1206 2260 1269 2290 rell.)
1292 2260 1343 2282 edit
1362 2260 1422 2282 ebur
1440 2260 1492 2281 scil.
1515 2265 1602 2280 nomen

907 2297 1006 2320 diruere
1025 2299 1105 2320 neutr.
1129 2296 1152 2318 X
1172 2296 1195 2324 6,
1219 2295 1249 2318 79
1269 2294 1386 2317 culminis
1404 2300 1458 2315 area
1474 2291 1477 2324 Ι
1494 2293 1578 2321 diruit,
1602 2294 1629 2314 ut
1651 2299 1701 2314 mc-

942 2332 986 2354 lior
1005 2332 1116 2359 surgeret
1135 2331 1189 2352 aula
1208 2330 1266 2351 solo.
1287 2342 1321 2344 —
1339 2328 1372 2356 cf.
1395 2336 1417 2350 v.
1443 2327 1472 2349 16
1492 2327 1575 2349 diruta

907 2366 1024 2388 disertare
1044 2365 1091 2387 VM
1111 2371 1150 2394 cp.
1173 2364 1200 2386 ad
1216 2364 1288 2392 Greg.
1308 2362 1316 2385 1
1338 2362 1460 2391 quidquid
1480 2362 1505 2383 in
1526 2361 1564 2383 liis
1584 2361 1621 2382 vel
1640 2362 1703 2382 stro-

941 2400 989 2429 pha
1008 2402 1117 2422 veterum
1135 2398 1172 2421 vel
1186 2398 1355 2428 praesentium
1369 2396 1493 2425 sophisma
1506 2395 1650 2424 plerumque
1664 2394 1703 2417 di—

941 2436 1017 2457 sertat

907 2469 1030 2498 disparare
1049 2469 1129 2490 nculr.
1152 2467 1229 2496 praes.
1252 2465 1266 2487 5
1285 2465 1349 2494 apud
1369 2471 1430 2493 quos
1450 2464 1513 2486 nihil
1533 2463 1641 2492 disparat
1660 2464 1702 2485 aut

941 2502 1030 2525 stridor
1049 2502 1143 2524 anseris
1163 2503 1205 2523 aut
1223 2506 1295 2522 canor
1313 2499 1384 2521 oloris

907 2537 1065 2566 dispendium
1085 2536 1106 2558 X
1122 2535 1145 2564 2,
1164 2535 1193 2557 13
1213 2534 1369 2564 pertulerunt
1386 2532 1542 2561 dispendium
1556 2532 1639 2559 agnito
1654 2531 1702 2553 viro

941 2578 988 2593 non
1009 2570 1091 2592 habito

908 2605 1041 2634 dispositor
1053 2603 1195 2633 dispositrix
1217 2602 1264 2624 VII
1278 2602 1301 2630 6,
1317 2600 1348 2624 22
1363 2600 1460 2629 egregia
1473 2600 1628 2629 dispositrice
1662 2598 1699 2628 16,

941 2639 973 2662 26
994 2639 1062 2664 vieili
1083 2638 1227 2667 dispositore

907 2674 1040 2697 dissulcare
1060 2672 1108 2695 VM
1129 2672 1163 2694 IV
1183 2670 1231 2694 2-13
1250 2669 1320 2692 codd.

908 2709 998 2731 distare
1018 2715 1038 2730 ν.
1060 2707 1107 2729 ald,
1133 2706 1165 2727 lV
1185 2704 1225 2731 26,
1251 2704 1291 2727 131
1316 2705 1436 2733 quantum
1457 2704 1526 2725 nocte
1545 2702 1597 2725 dies
1617 2701 1700 2731 distat,

943 2743 976 2765 501
998 2741 1109 2771 lampade
1130 2741 1202 2763 lunacv
