2038 3036
699 125 900 153 CARMINVM
919 126 989 152 LIB.
1010 127 1087 153 VIII.
1641 128 1698 157 197

419 222 452 250 tu
476 222 599 258 tamen⁷
627 219 709 250 alme
733 222 838 260 pater7
866 220 994 261 pietatis
1017 231 1123 252 amore
1148 221 1257 251 labora

505 273 539 301 ut
562 279 651 301 sacer
674 271 823 309 antistes⁷
851 272 989 302 culmina
1013 272 1100 303 cuius
1126 272 1241 309 habes⁷

419 320 504 352 unde
527 324 747 361 repraesentes
771 321 939 352 Martinum
962 322 995 352 in
1018 326 1158 363 tempore
1182 332 1319 361 sacrum,

505 371 649 403 cursibus
672 374 767 411 atque
791 372 852 403 fide
875 372 981 404 dando
1005 373 1117 405 salutis
1141 383 1244 414 opem.

614 640 636 663 a
688 628 856 675 Epistula
884 639 948 674 pro
976 627 1097 663 eadem
1126 640 1164 664 re

168 729 400 760 Commendans
424 729 633 761 humilitatem
657 739 760 760 meam
784 728 1022 769 copiosissimae
1045 732 1170 760 vestrae
1194 729 1355 760 dulcedini
1378 733 1409 760 et
1432 730 1617 760 mitissimae
1642 730 1698 760 do-

84 780 249 811 minationi
273 790 421 820 suggero,
450 784 482 812 ut
510 783 617 821 (causa
640 780 830 811 universalis
854 780 1008 811 ecclesiae
1031 781 1128 811 talem
1152 790 1207 811 vos
1224 781 1344 811 habens
1361 780 1516 819 basidem,
1543 784 1577 811 ut
1592 781 1697 811 nullus

85 834 246 862 ventorum
270 832 360 862 turbo
384 832 575 871 succlinans,
606 832 694 862 nulla
717 831 928 872 procellarum
951 832 1133 872 propellens
1157 831 1321 871 congeries
1345 832 1446 872 possit
1468 831 1534 862 illic
1556 831 1697 862 invenire

84 882 167 922 quod
190 882 326 922 quatiat,
362 886 417 913 aut
440 883 525 923 quod
549 883 720 914 labefactet
743 882 888 922 reperiat)
922 882 954 913 in
979 892 1093 919 causa7
1127 892 1189 922 qua
1213 891 1382 913 conservus
1406 892 1494 913 meus
1518 882 1694 922 presbyter,

54 945 65 962 5
85 932 298 974 praesentium
322 934 468 974 portitor,
495 933 538 964 ad
561 944 616 965 vos
641 943 697 974 pro
722 933 876 972 singulari
900 933 1059 974 praesidio
1083 933 1244 964 confidens
1267 933 1400 964 occurrit
1427 933 1518 972 (sicut
1540 933 1608 973 ipse
1632 933 1698 963 sin-

84 984 159 1024 gula
181 983 295 1024 poterit
317 985 503 1025 explicare)7
535 994 688 1015 memores
713 983 994 1015 commendationis
1017 984 1131 1015 beatae
1156 984 1301 1015 dominae
1325 994 1426 1023 1110110,
1453 984 1537 1015 filiae
1560 984 1611 1014 vel
1635 983 1697 1014 iam

84 1035 191 1066 matris
214 1038 356 1074 vestrae,
390 1036 524 1067 domnae
548 1035 773 1075 Radegundis⁷
808 1046 864 1076 pro
891 1035 952 1066 loci
976 1035 1024 1066 sui
1048 1036 1098 1066 vel
1122 1044 1274 1076 personae
1297 1035 1455 1075 totiusque
1479 1035 1609 1074 regulae
1633 1037 1698 1065 sta-

84 1085 205 1117 bilitate
236 1086 319 1125 quod
349 1086 440 1126 petiit
471 1090 502 1118 et
524 1087 690 1117 verborum
714 1087 765 1118 vel
790 1086 946 1118 viscerum
970 1086 1202 1127 supplicatione
1227 1085 1397 1123 commisit,
1430 1085 1473 1116 ita
1497 1084 1698 1125 praecipiatis

83 1136 328 1177 infatigabiliter
361 1137 505 1169 laborare
539 1138 675 1178 qualiter
708 1138 778 1178 ipse
812 1138 902 1168 vobis
935 1138 967 1168 in
1002 1137 1206 1168 retributione
1240 1137 1434 1177 sempiterna
1468 1136 1613 1167 restituat
1645 1135 1697 1175 qui

38 1198 65 1217 ιο
85 1187 187 1227 videt,
236 1198 292 1228 pro
329 1189 449 1220 auxilio
486 1188 702 1229 indigentibus
740 1189 771 1220 in
811 1199 908 1220 causa
944 1189 1084 1220 iustitiae
1122 1192 1228 1219 vester
1265 1188 1461 1228 apostolatus
1499 1187 1699 1228 pastoraliter

85 1238 167 1278 quod
190 1238 336 1270 desudat.

851 1420 931 1450 XIII

771 1497 829 1532 Ad
857 1497 1005 1533 eundem

414 1598 556 1630 Antistes
580 1598 716 1637 domini,
743 1599 824 1630 bone
848 1602 956 1639 pastor
979 1602 1010 1629 et
1033 1601 1142 1629 auctor
1164 1598 1308 1635 honoris7

502 1649 561 1681 rite
585 1650 682 1681 decus
706 1650 833 1690 generis
856 1660 917 1690 quo
940 1653 989 1681 est
1012 1658 1168 1689 generosa
1192 1648 1287 1679 tides:

415 1701 569 1732 Iustinam
593 1701 746 1732 famulam
771 1701 889 1742 pietate
912 1704 1086 1740 memento,
1112 1700 1223 1734 beate:

501 1762 558 1793 per
580 1756 610 1784 te
634 1756 666 1784 et
689 1752 906 1791 commender,
934 1752 1030 1793 stirpe
1054 1752 1105 1783 vel
1129 1761 1201 1782 arce
1224 1754 1330 1792 pater,

418 1803 492 1834 hine
515 1804 656 1835 referens
680 1807 787 1843 grates
810 1803 921 1843 aviae,
948 1803 1023 1843 quia
1045 1802 1171 1834 reddita
1194 1801 1323 1833 tandem

502 1855 544 1886 ad
567 1855 673 1886 vultus
696 1855 817 1896 neptis,
845 1854 947 1886 dulcis
969 1854 1092 1894 imago,
1120 1854 1217 1885 venit.

414 1906 477 1937 ista
500 1906 555 1937 diu
578 1906 693 1937 nostris
716 1906 797 1937 votis
822 1906 902 1937 (lans
925 1905 1062 1946 gaudia,
1089 1908 1207 1943 rector,

501 1957 583 1989 inter
605 1967 698 1988 avam
723 1961 754 1989 et
776 1960 903 1998 neptem
926 1960 961 1988 tu
984 1956 1139 1987 mediator
1161 1965 1253 1996 agas

152 2180 166 2203 6
185 2181 290 2204 antestis
310 2181 330 2203 A
436 2181 449 2203 7
470 2182 638 2211 repraesentis
657 2180 730 2203 ΛΟΜ
834 2182 975 2208 martynum
998 2180 1018 2201 G
1123 2182 1231 2208 tempora
1252 2178 1279 2200 M
1381 2178 1469 2200 subscr.
1492 2185 1514 2200 v.
1535 2184 1583 2199 vm
1603 2177 1678 2199 AMJ)

152 2223 214 2245 xua
235 2224 306 2251 (xnn
326 2223 355 2251 G,
377 2225 428 2246 sine
447 2230 516 2246 num.
538 2223 603 2252 rell.)
710 2229 835 2245 EPISTVLA
850 2221 930 2254 ΑΕΗ]
949 2229 1074 2245 EPISTOLA
1092 2222 1146 2245 rell.
1253 2228 1278 2250 p.
1299 2228 1322 2243 e.
1343 2218 1376 2252 r.]
1396 2227 1429 2242 ΒΧ
1448 2226 1550 2242 NomNn
1570 2226 1698 2242 lvs’rrrmss

85 2264 106 2286 F
125 2265 166 2294 (cf.
186 2273 209 2288 v.
232 2266 264 2288 10
282 2268 303 2288 εἰ
321 2273 396 2288 carm.
418 2267 463 2296 sq.)
573 2265 583 2288 l
605 2266 791 2295 cupiosissimae
812 2266 833 2287 A
939 2268 1036 2288 nestrae
1056 2272 1102 2288 om.
1119 2264 1146 2286 Μ
1249 2264 1369 2286 dulcidini
1392 2262 1436 2284 CM
1540 2262 1554 2285 2
1574 2262 1697 2284 bassidem

85 2307 132 2329 DR
235 2307 249 2331 3
269 2308 395 2331 sualinans
414 2308 438 2330 D
552 2308 566 2331 4
586 2308 719 2331 labefactet
737 2308 843 2337 reperiat
862 2306 894 2339 G]
912 2308 1033 2330 labefacto
1052 2308 1158 2336 reperiat
1178 2306 1231 2335 RB,
1254 2306 1373 2328 labefacte
1392 2305 1516 2334 repperiat
1536 2304 1612 2332 ΑΘΗ,
1632 2305 1699 2327 labe-

84 2350 160 2372 factae
180 2351 303 2380 repperiat
322 2351 355 2381 M,
377 2351 497 2374 labefacta
516 2351 640 2380 repperiat
658 2350 688 2379 L,
708 2350 857 2373 labefactum
876 2351 984 2380 reperiat
1004 2350 1024 2371 F
1125 2357 1173 2379 qua
1191 2356 1238 2372 om.
1257 2350 1275 2370 C
1378 2347 1392 2370 fi
1412 2354 1530 2370 memores
1550 2345 1627 2379 GBL]
1647 2354 1698 2369 me-

85 2399 135 2415 mor
153 2399 178 2415 es
197 2394 250 2416 rell.
367 2394 580 2417 oonmendationis
600 2393 628 2415 M
739 2393 850 2416 dominae
870 2391 906 2424 F]
925 2393 1028 2415 domnae
1046 2393 1099 2415 rell,
1214 2398 1282 2413 meae
1301 2398 1348 2413 om.
1370 2390 1391 2412 L
1506 2388 1567 2421 iam]
1587 2390 1660 2412 etiam
1680 2390 1701 2411 F

86 2434 98 2456 7
118 2435 220 2459 domnae
238 2443 286 2460 om.
302 2437 323 2458 F
426 2436 577 2464 radegundis
599 2434 662 2467 011³]
682 2436 839 2464 radegundae
859 2434 1006 2463 ADGRLF,
1029 2435 1164 2463 radigunde
1184 2434 1218 2461 M,
1239 2433 1404 2461 radegundiae
1427 2432 1454 2453 (¹¹
1473 2439 1533 2455 corr.
1639 2439 1698 2454 suae

88 2477 115 2499 C!
135 2485 197 2501 corr.
220 2478 248 2500 Cl
354 2479 368 2501 9
388 2479 495 2502 laborare
515 2479 622 2508 qualiter
640 2486 686 2501 om.
711 2478 730 2500 C
834 2480 990 2507 sempeterna
1011 2477 1036 2499 M
1142 2476 1171 2499 10
1190 2477 1259 2499 uidet
1277 2482 1320 2506 pro
1339 2473 1442 2505 auxilio]
1463 2475 1527 2497 uidit
1545 2481 1587 2503 pro
1606 2475 1698 2496 auxilio

88 2519 169 2549 CFOE,
190 2521 259 2544 uidet
277 2528 319 2550 pro
337 2522 457 2544 auxilium
472 2522 501 2550 A,
524 2522 589 2544 uidit
608 2528 651 2551 pro
669 2521 791 2543 auxilium
806 2520 926 2549 MDfflL,
948 2520 1012 2542 uidit
1031 2527 1073 2549 per
1092 2520 1213 2542 auxilium
1227 2518 1270 2540 BR
1374 2520 1473 2540 uestrae
1493 2517 1519 2546 F,
1542 2520 1624 2539 uestra
1644 2517 1664 2539 Β

86 2562 250 2591 apostholatus
269 2563 302 2586 B¹
411 2563 437 2587 11
461 2570 508 2593 quo
529 2564 548 2586 C

154 2605 215 2628 XIII
313 2604 354 2637 ad]
374 2613 437 2628 ITEM
456 2613 490 2628 Al)
511 2605 531 2627 G
637 2612 816 2628 SALVTATORM
836 2605 903 2628 addit
924 2605 950 2633 F,
973 2611 1005 2627 nx
1025 2610 1127 2626 NOMINE
1147 2610 1270 2625 IVSTINAB
1288 2602 1346 2625 add.
1367 2602 1419 2625 ind.
1439 2603 1513 2630 capit.
1622 2601 1631 2624 l
1653 2608 1698 2623 an-

85 2648 156 2670 testis
176 2649 198 2670 A
303 2648 316 2672 2
337 2656 384 2678 quo
404 2647 453 2680 est]
476 2656 549 2678 quem
570 2648 613 2671 BL
718 2648 731 2671 3
752 2649 873 2671 iustitiam
894 2648 914 2670 L
1020 2646 1033 2669 4
1053 2650 1135 2676 styrpe
1157 2646 1225 2668 CDB
1330 2645 1343 2667 5
1363 2645 1471 2667 referans
1491 2643 1523 2666 (il
1627 2645 1697 2667 auiae

85 2692 164 2721 grates
184 2690 212 2720 L,
235 2692 407 2720 gratesuauiae
428 2692 449 2713 A
554 2691 645 2714 subscr.
666 2699 688 2714 v.
711 2697 761 2713 V111
781 2690 878 2712 ACMD
