2038 3036
311 123 381 154 le
1002 119 1227 145 vltooffluvnl.

311 234 338 264 X
465 233 571 264 Codex
599 232 810 262 Divioucnsis.

311 285 334 315 V
466 283 573 315 Codex
597 283 816 314 treverensis.

311 336 335 366 Υ
466 334 572 365 t'mlm
599 333 792 365 undet-ensis
817 333 954 374 pessime
979 333 1189 374 depravatus:
1217 334 1258 365 cf.
1284 334 1367 366 infra
1390 345 1421 376 p.
1441 337 1492 369 3-1,
1513 341 1539 365 2.
1567 337 1617 373 35,
1637 342 1680 366 325,

309 387 332 417 Z
463 386 570 417 Codex
597 384 848 424 ltotomagcusis.

309 457 387 486 Cum
413 454 437 485 Y
463 454 563 485 codex
591 453 806 489 Bruxellensis
829 463 876 484 nr.
902 454 974 487 200,
1001 462 1085 484 saec.
1109 453 1199 487 Xlll.
1227 453 1280 484 sol.
1307 452 1455 493 9:3—94',
1482 465 1574 495 quem
1602 454 1815 493 Bollandiani‚
1843 455 1929 486 Ana-

310 514 391 545 lecta
415 514 471 545 Ill.
505 516 560 543 llll
586 523 686 554 nuper
709 512 955 554 descripserunt,
984 512 1049 544 fere
1074 513 1230 544 convenit.

392 582 512 613 'sextus
549 581 639 613 Vitae
674 581 800 612 Paterni
837 580 868 612 in
904 581 1062 622 plerisque
1097 581 1290 614 editionibus
1325 582 1463 623 pessime
1498 582 1706 624 interpolatus
1741 594 1778 615 ac
1813 583 1929 615 immu-

307 646 390 673 tatus
413 646 470 673 est.

462 703 582 733 Sarius.
614 703 653 731 De
674 701 810 741 probatis
834 706 1007 731 snm-lorum
1031 702 1177 741 lu'.s·!ori1'.s'⁷
1207 703 1346 733 Coloniae
1366 704 1460 741 1571,
1490 702 1529 741 II,
1551 705 1622 742 654,
1650 702 1758 735 codice
1775 713 1851 735 usus
1867 707 1925 738 est,

511 752 560 784 cui
585 753 734 793 prologus
758 751 878 784 deerat.
921 752 1011 784 Hune
1035 763 1106 784 cum
1132 753 1163 784 in
1187 753 1322 793 gratiam
1348 754 1475 786 lectoris
1503 754 1661 786 ‘oratione
1685 754 1849 795 aliquanto
1867 755 1929 786 La-

510 804 628 835 tiniori'
661 804 911 845 transcripserit,
945 804 1029 845 quod
1052 805 1153 837 edidit
1176 805 1268 837 Vitae
1294 806 1386 846 quasi
1411 805 1632 847 compendium
1657 816 1677 838 a
1701 806 1821 838 Luehio
1846 810 1929 838 reete

511 855 707 897 appellatum
733 859 791 887 est.

462 916 621 948 Multillon,
648 915 720 946 Actu
745 921 918 947 sanctornm
943 918 1060 947 ordinis
1086 920 1118 947 S.
1148 918 1307 955 Benedicti,
1339 920 1467 949 Parisiis
1495 920 1592 952 1668,
1627 917 1760 959 primum
1785 918 1875 950 Sace.
1902 918 1926 956 Ι,

516 969 581 999 152,
619 967 721 999 Vitam
753 978 770 1000 e
799 968 907 999 codiee
937 968 1074 1008 quodam
1103 968 1277 1002 decurtato.
1313 973 1346 1001 ut
1370 969 1436 1007 VY‚
1473 969 1575 1001 edidit
1603 969 1697 1006 2Mab.
1729 971 1766 1007 1),
1800 968 1926 1006 deinde,

511 1022 676 1059 postquam
699 1019 730 1050 in
755 1019 891 1051 schedas
915 1019 1036 1059 incidit,
1064 1030 1144 1060 quas
1167 1020 1326 1062 d'Aehery
1351 1021 1425 1052 olim
1449 1031 1468 1052 a
1492 1031 1522 1052 v.
1549 1031 1576 1052 c.
1621 1020 1813 1066 d'Herouval
1837 1030 1930 1052 acce—

511 1074 610 1110 perat,
646 1071 804 1111 integrum
828 1074 949 1103 textum
973 1071 1005 1102 in
1028 1071 1214 1112 Appendice
1238 1072 1332 1104 Saec.
1360 1072 1400 1110 11,
1432 1074 1511 1103 1100
1541 1072 1785 1113 imprimendum
1809 1071 1931 1104 curavit

520 1121 610 1159 Mab.
639 1123 682 1153 2¹1.
731 1122 839 1154 Codex
863 1126 969 1154 autem
994 1123 1170 1154 Herovallii
1194 1123 1274 1155 libro
1298 1124 1322 1155 Ρ
1344 1124 1516 1165 persimilis
1540 1123 1609 1155 fuit.

465 1183 678 1213 llcnschenins.
708 1183 781 1213 Acta
806 1188 990 1215 sanctornm.
1018 1183 1202 1224 Antrerpiae
1230 1186 1324 1216 1675.
1351 1184 1427 1225 Apr.
1451 1184 1491 1223 II,
1512 1185 1584 1222 425„
1612 1183 1717 1215 Vitam
1741 1183 1782 1215 ad
1806 1183 1931 1215 codices

512 1233 654 1264 RXVYZ
679 1234 846 1266 recensuit.
874 1234 924 1266 vel
949 1235 1053 1276 potius
1077 1235 1265 1276 depravavit
1288 1238 1383 1275 atque
1407 1235 1579 1276 praecipue
1603 1245 1642 1267 ex
1663 1235 1691 1266 Y
1713 1235 1927 1276 interpolavit,

512 1287 544 1315 ut
570 1288 675 1316 textus
706 1286 746 1316 ab
778 1296 815 1317 eo
847 1286 951 1317 editus
982 1289 1066 1318 totus
1096 1286 1282 1318 abiciendus
1312 1286 1417 1318 fuerit.
1466 1286 1630 1325 Quomodo
1660 1297 1731 1318 eum
1761 1286 1932 1318 confecerit

512 1336 599 1367 loeus
623 1346 653 1377 p.
682 1340 732 1375 ῑὶϋ,
759 1342 790 1366 25
823 1337 1108 1369 luculentissimum
1143 1338 1275 1379 praebet
1310 1338 1508 1379 exemplum,
1546 1338 1599 1370 nbi
1634 1348 1651 1370 e
1685 1341 1774 1369 textu
1808 1337 1931 1377 integro

513 1389 641 1418 mmzlela
667 1390 730 1419 nico
754 1390 878 1429 quidum
900 1400 978 1429 puer
1009 1393 1040 1421 et
1069 1399 1086 1421 e
1110 1389 1246 1421 Sui-iano
1276 1400 1400 1430 cumque
1431 1391 1565 1421 rnilem'co
1590 1400 1669 1430 puer
1698 1399 1812 1421 nomen
1842 1389 1931 1430 pueri

511 1439 555 1470 ita
579 1439 736 1472 formavit:
766 1442 897 1471 nuwilcln
923 1442 987 1471 ilico
1011 1442 1133 1482 quidum
1157 1452 1234 1482 puer
1258 1443 1365 1472 mileuo
1390 1443 1518 1472 nomine.

464 1502 602 1539 Bouquet.
632 1502 749 1531 ltccncil
771 1502 822 1532 (les
846 1502 1007 1532 historiens
1031 1502 1082 1532 cles
1108 1503 1228 1541 Gaulos,
1260 1503 1388 1533 Parisiis
1410 1504 1501 1542 1741,
1528 1501 1584 1541 111,
1607 1503 1668 1533 42⁴
1692 1501 1866 1543 particulas
1890 1511 1931 1532 ex

511 1551 613 1583 altera
635 1551 813 1583 Mabillonii
837 1552 975 1585 editione
1000 1553 1168 1595 excerpsit.

394 1620 585 1651 llensclienii
615 1621 780 1662 exemplar
803 1623 898 1652 Luchs
919 1632 949 1663 p.
977 1624 1016 1652 65
1046 1622 1095 1661 (=
1120 1624 1219 1662 illi-qne
1243 1621 1461 1662 LXXXVIII,
1490 1632 1521 1663 p.
1549 1624 1619 1661 4573
1648 1621 1812 1662 repetivit,
1846 1620 1931 1662 quod

309 1690 377 1710 cum
396 1680 479 1711 Mal).
501 1682 518 1710 2
535 1680 676 1712 eontulit.
706 1686 745 1713 at.
774 1686 808 1713 ut
830 1681 884 1721 ait,
914 1687 1072 1723 ult-umque
1092 1683 1221 1722 proinde
1244 1684 1404 1722 eoeemplnr
1427 1694 1444 1712 (ι
1469 1683 1552 1713 nobis
1575 1683 1621 1712 ln'c
1644 1682 1754 1712 editum
1778 1682 1839 1712 clici
1859 1692 1931 1721 pos—

309 1743 357 1770 sit.
406 1740 534 1772 Rectius
558 1740 691 1773 dixisset
713 1741 875 1773 meliorem
899 1741 1077 1774 Mabillonii
1101 1745 1222 1774 textum
1246 1742 1278 1773 in
1301 1742 1366 1774 ima
1389 1741 1509 1783 pagina
1531 1741 1673 1783 reperiri.

394 1809 482 1846 Quae
507 1818 575 1840 cum
600 1809 645 1841 ita
669 1810 740 1847 sint,
768 1820 824 1841 nos
849 1811 975 1842 Surium
1000 1810 1301 1851 Henseheniumque
1325 1810 1378 1841 vix
1402 1814 1548 1842 curantes
1571 1810 1713 1842 codicem
1737 1810 1761 1841 P
1784 1812 1930 1841 accurate

308 1869 538 1909 expressimus.¹
570 1879 662 1909 quem
693 1879 763 1901 eum
795 1873 928 1911 utraque
952 1870 1129 1902 Mabillonii
1159 1870 1297 1902 editione
1329 1870 1528 1903 contulimus.
1577 1870 1669 1908 Quod
1699 1870 1741 1902 ad
1765 1869 1930 1910 orthogra-

310 1928 416 1969 phiam
439 1929 585 1969 pertinet.
613 1929 748 1961 eandem
772 1930 924 1962 rationem
949 1940 987 1962 ae
1010 1930 1042 1962 in
1066 1931 1140 1962 Vita
1162 1930 1270 1962 Albini
1294 1930 1490 1963 recensenda
1513 1930 1613 1963 secuti
1637 1939 1755 1962 sumus.

827 2111 867 2150 V.
903 2110 1009 2151 VITA
1038 2111 1074 2152 S.
1103 2110 1408 2151 RADEGVNDIS.

397 2203 466 2234 Vita
489 2204 695 2244 Radeguudis
718 2205 861 2245 reginae,
887 2215 982 2246 quam
1006 2208 1078 2246 post
1101 2208 1231 2237 mortem
1241 2206 1277 2245 ²³)
1306 2208 1434 2237 sanctae
1462 2206 1502 2245 (a.
1522 2206 1594 2241 587)
1621 2216 1641 2237 a
1658 2204 1828 2236 Fortunato
1845 2214 1930 2236 eom-

310 2264 444 2304 positam
476 2274 547 2295 esse
572 2267 690 2295 certum
715 2268 781 2304 est,
814 2265 895 2297 inter
917 2265 1072 2306 opuscula
1095 2275 1177 2306 quae
1200 2268 1295 2306 poeta
1318 2265 1445 2305 reliquit
1468 2264 1720 2306 hagiographiea
1743 2264 1811 2296 sine
1834 2263 1929 2295 dubio

311 2323 442 2364 primum
468 2324 569 2355 locuni
593 2324 723 2356 obtinet.
771 2325 886 2365 Agitur
909 2325 948 2357 de
971 2325 1082 2366 regina
1097 2325 1340 2366 Tlroringorum,
1367 2336 1387 2356 a
1403 2324 1619 2357 Chlothariol
1643 2333 1718 2365 rege
1737 2324 1929 2355 Francorum

309 2388 403 2425 capta
432 2387 526 2424 atque
557 2384 589 2415 in
617 2384 849 2416 matrimonium
873 2385 984 2424 dueta,
1017 2396 1100 2425 quae
1123 2388 1289 2426 postquam
1313 2385 1442 2417 saeculo
1465 2384 1651 2417 renuntians
1674 2384 1707 2415 in
1730 2383 1930 2416 Pictaviense

310 2446 341 2474 S.
369 2444 478 2475 Crucis
502 2444 726 2475 monasterium
751 2454 786 2476 se
809 2445 939 2486 reecpit.
966 2444 1010 2476 ibi
1033 2445 1205 2477 Fortunato
1229 2444 1428 2477 familiariter
1450 2454 1509 2476 usa
1532 2447 1590 2477 est.
1640 2444 1720 2476 Eum
1744 2443 1929 2485 scriptorem

311 2503 401 2535 Vitae
431 2503 517 2535 illius
547 2503 745 2535 Baudouivia
776 2504 986 2536 Pietaviensis
1015 2504 1178 2543 monialis,
1215 2515 1297 2546 quae
1327 2504 1416 2536 iussu
1451 2503 1635 2537 ‘Dedimiae
1664 2503 1847 2536 abbatissae
1878 2503 1930 2535 vel

309 2563 410 2594 omnis
434 2563 702 2604 congregationis‘
727 2564 840 2595 librum
865 2564 1039 2596 secundum
1064 2564 1156 2596 Vitae
1174 2563 1382 2605 Radegundis
1406 2564 1501 2606 paulo
1525 2567 1597 2605 post
1611 2574 1642 2596 a.
1662 2565 1723 2595 600
1733 2564 1768 2602 2⁴)
1796 2562 1924 2603 adiecit,

394 2719 424 2740 225
457 2719 494 2740 (Ὗ.
516 2719 578 2740 infru
598 2726 620 2747 p.
638 2718 679 2743 4⁸«.
696 2724 740 2742 22:
762 2719 800 2741 die
820 2727 866 2749 «μω
885 2721 1037 2742 mnotissima
1057 2721 1172 2749 mignavi!
1193 2720 1221 2743 dc
1240 2720 1345 2743 saeculo.

396 2760 435 2783 2⁴1,
458 2761 496 2782 t's.
518 2762 608 2791 ,ῆι-τίμα.
633 2762 685 2784 lter.
709 2762 842 2790 norm-ing.
867 2763 884 2788 Ι,
907 2762 929 2790 2,
952 2770 975 2792 p.
998 2762 1056 2786 2161.
