2038 3036
222 581 262 611 lX

236 940 263 970 X

221 1302 263 1332 Xl

211 2075 268 2105 xll

288 131 328 158 3⁴)
892 119 1057 146 vENAN'rl
1079 118 1294 144 roirrvuA'rl

287 229 317 253 ct
348 223 485 261 quinque
519 218 697 249 niunasterii
732 222 831 246 rector
861 220 892 245 ct
922 214 993 254 pius
1018 216 1109 254 patcr
1132 212 1278 251 eligitur,
1312 213 1430 254 qnippe
1454 213 1507 253 qui
1531 224 1588 245 suo
1612 214 1782 255 splendore
1806 215 1846 247 ad
1871 226 1905 248 se

288 280 424 305 traxerat
456 271 654 308 dignitatem.
703 268 825 298 Interea
851 266 908 296 suh
935 264 1077 303 magistri
1103 273 1237 294 censura
1261 264 1518 304 congregationis
1541 265 1713 306 disciplina
1738 267 1900 306 vernabat,

289 325 339 355 uhi
365 323 532 353 severitate
558 320 699 351 districta
726 318 852 349 licentia
878 315 1029 356 peccandi
1056 315 1204 356 perierat.
1269 316 1317 353 22,
1348 315 1503 347 Fervebat
1520 327 1595 356 crgo
1612 317 1741 358 pietatis
1757 317 1902 358 intuitus,

287 375 449 406 exultabat
475 371 631 413 psallendi
657 375 837 400 concentus.
866 366 1053 398 coruscabat
1077 367 1158 398 inter
1175 366 1288 398 fratres
1305 366 1526 398 oboedientiae
1545 368 1663 402 radius.
1691 369 1907 410 praecellebat

288 433 414 456 mna-tat·
448 423 592 454 karitatis
623 426 769 452 ornatus.
805 419 879 459 qnia
911 418 992 449 sit-ut
1022 422 1090 449 erat
1120 418 1161 449 ad
1194 417 1269 448 vitia
1300 418 1494 450 eradicanda
1518 419 1688 453 sollicitus.
1725 421 1769 452 ita
1792 420 1834 452 ad
1858 421 1907 452 in-

287 477 419 508 screnda
444 476 524 506 dona
550 473 700 504 caelestia
725 472 986 511 circumspectus.
1040 471 1099 509 (233
1131 470 1165 500 ln
1190 480 1252 509 quo
1275 470 1401 501 abbatis
1424 470 1528 502 officio
1553 481 1609 512 per
1632 471 1744 512 viginti
1768 472 1907 513 quinque

285 539 384 559 annos
408 525 685 563 ct·115.:1·‹·5;atio1n=111
710 523 769 554 sihi
794 522 994 552 commissam
1020 521 1157 552 feliciter
1179 521 1382 561 gubernavit.

388 581 424 609 ’.Η
467 578 503 608 l=2t
533 576 605 616 qnia
637 575 713 606 tanti
747 574 848 604 meriti
880 573 965 604 fama
996 572 1122 613 sepulta
1153 582 1214 603 non
1245 572 1355 607 latuit,
1392 573 1448 605 sed
1481 573 1628 605 felicibus
1660 575 1773 615 pennis
1796 579 1909 607 cuncta

287 631 453 672 poi-volans
478 627 652 668 occupavit.
681 625 813 663 conti-git
831 624 1034 656 Audet-avam
1060 623 1221 655 civitatem
1247 624 1382 665 pastoris
1405 625 1635 665 gubernatione
1652 626 1778 658 nudari.
1818 627 1908 658 'l'une

287 682 492 713 universitate
529 678 652 720 populi.
691 688 728 708 eo
763 676 953 708 humilitatis
988 675 1092 707 studio
1123 675 1307 709 resistente.
1346 676 1387 707 ad
1418 676 1629 717 pontificalem
1661 677 1795 718 gradum
1827 678 1906 710 duee

286 734 412 764 t'luisto
436 730 662 762 coin-ordantcr
685 729 822 769 cligitur.
878 730 933 766 ³251
966 727 1027 764 Qui
1051 727 1201 758 honorem
1226 727 1367 759 debitum
1392 728 1559 760 sacerdotii
1583 733 1781 762 consecutus.
1809 730 1854 761 ita
1873 740 1908 762 se

286 786 315 816 in
347 783 560 823 elci-niosynis
586 791 776 823 pzmperum.
812 780 842 811 in
867 779 1053 810 defensione
1078 778 1212 812 civium.
1247 779 1279 810 in
1304 779 1482 811 visitatione
1508 780 1745 820 languentium,
1781 781 1811 812 in
1837 781 1909 813 red-

285 836 443 877 emptione
469 833 612 875 praebuit
637 832 849 874 captivorum.
879 835 912 862 ut
937 831 1030 862 beata
1056 830 1149 861 unius
1173 830 1256 861 actio
1280 831 1432 870 generale
1456 831 1545 863 fieret
1568 832 1812 872 salvamentum,
1839 833 1909 874 qui—

287 889 343 919 hus
368 898 405 917 cx
431 886 542 917 studiis
566 885 722 916 caelestes
746 884 776 914 in
801 894 838 915 eo
864 882 1094 913 fructiticzwcre
1119 882 1262 913 virtutes.

390 940 428 968 '213
467 937 567 977 Igitur
596 937 627 967 in
656 936 782 966 civitate
808 934 979 965 Andecava
1005 943 1074 964 cnm
1100 933 1129 964 ei
1153 933 1311 973 quaedam
1336 934 1449 965 mulier
1472 934 1570 966 Grata
1594 934 1720 967 nomine
1744 935 1909 969 debilitate

287 994 462 1022 contractas
493 998 604 1019 manus
638 987 757 1018 habens
788 985 893 1017 nervis
926 985 1184 1026 stupescentibus
1214 985 1417 1018 occurrisset.
1453 985 1578 1026 signum
1610 986 1712 1017 crucis
1743 997 1838 1029 snper
1860 988 1909 1019 in-

289 1043 407 1073 tirmam
439 1041 601 1072 dexteram
628 1039 712 1070 fecit.
762 1038 843 1069 lline
867 1040 1088 1078 praemortuae
1115 1037 1241 1077 palmae
1266 1037 1353 1078 prius
1377 1047 1411 1068 se
1435 1037 1531 1068 vivax
1555 1040 1644 1078 tepor
1666 1038 1800 1075 infudit,
1834 1039 1908 1071 item

288 1093 431 1134 sequenti
464 1092 514 1123 die
546 1091 577 1122 in
607 1090 675 1131 ipso
705 1090 772 1120 loco
801 1093 833 1120 ut
857 1089 896 1120 ab
921 1098 957 1120 eo
982 1089 1164 1129 signaretur
1187 1098 1221 1119 se
1246 1088 1369 1120 obtulit.
1424 1090 1483 1129 (27,
1512 1088 1581 1126 Quo
1605 1089 1704 1128 facto,
1740 1094 1911 1132 coeperunt

287 1156 386 1176 venae
411 1154 484 1175 suos
509 1152 661 1174 excursus
685 1151 870 1182 agnoscere,
898 1140 992 1172 tertia
1017 1150 1090 1171 vero
1113 1139 1165 1171 die
1191 1140 1243 1171 ubi
1268 1150 1364 1181 super
1387 1150 1456 1172 cam
1482 1141 1622 1181 sigillum
1644 1142 1746 1173 erucis
1761 1142 1911 1183 inpressit

287 1197 391 1228 statim
423 1206 456 1226 se
489 1195 644 1226 arentium
677 1193 847 1233 digitorum
879 1192 932 1223 fila
966 1192 1154 1223 laxaverunt
1184 1195 1215 1223 et
1246 1195 1371 1233 recepto
1402 1192 1576 1224 ministerio
1599 1192 1714 1224 mulier
1735 1193 1769 1225 iu
1792 1193 1910 1226 Christi

287 1248 410 1279 nomine
436 1246 577 1278 rediviva
603 1245 733 1276 dextera
757 1254 791 1275 se
817 1244 968 1284 signavit.

379 1301 426 1338 ,25
465 1297 609 1336 Quadam
641 1296 710 1327 vice
742 1306 812 1327 cum
837 1296 877 1327 ad
902 1295 1006 1327 vicum
1031 1295 1190 1335 Geginam
1215 1294 1411 1336 praeteriens
1435 1295 1639 1334 accessisset,
1674 1296 1909 1329 adolescentem

287 1350 487 1382 Alabandum
519 1349 644 1380 nomine
676 1348 794 1379 amisso
825 1347 908 1378 vitae
941 1347 1058 1388 reperit
1087 1347 1149 1377 iam
1182 1357 1324 1378 munere.
1371 1347 1514 1378 Audiens
1545 1350 1651 1379 autem
1683 1358 1702 1378 a
1726 1348 1910 1389 parentibus

287 1406 458 1434 extremam
490 1402 545 1432 lilii
570 1404 700 1431 mortem
725 1399 901 1440 deplorari.
938 1399 1073 1430 occurrit
1097 1402 1127 1430 ct
1151 1402 1184 1430 nt
1207 1402 1362 1430 mortuum
1387 1398 1494 1429 vivum
1518 1398 1656 1439 erigeret
1680 1409 1714 1431 se
1738 1400 1770 1431 in
1794 1400 1909 1432 oratio-

288 1465 357 1486 nem
390 1453 571 1495 prosternit.
607 1452 655 1483 eni
685 1451 871 1483 incumbens
903 1450 1023 1482 diutius
1055 1449 1167 1481 oravit.
1222 1451 1280 1489 (29)
1310 1450 1392 1481 Dum
1417 1450 1607 1491 pallesceret
1630 1451 1739 1483 iacens
1763 1451 1910 1484 sacerdos

288 1507 317 1537 in
351 1506 499 1547 pulvere.
534 1504 660 1535 animae
691 1503 846 1534 vivacitas
877 1502 1066 1534 rubescebat
1096 1502 1129 1533 in
1161 1511 1306 1542 corpore⁷
1343 1501 1443 1533 donee
1466 1502 1591 1542 pulsato
1616 1502 1718 1541 eaelo,
1753 1503 1910 1544 patefacto

287 1561 421 1593 tartaro,
455 1556 579 1587 iuvenis
610 1558 810 1587 revocaretur
840 1564 859 1585 a
891 1553 1000 1585 funere
1031 1553 1181 1585 sacerdos
1212 1563 1231 1584 a
1263 1562 1366 1594 prece.
1420 1554 1479 1593 (230)
1509 1553 1634 1585 Deinde
1666 1563 1737 1586 eum
1761 1554 1909 1586 Asiacum

289 1609 511 1640 monasterinm
536 1611 668 1649 paterna
692 1605 905 1637 sollieitudine
930 1605 1102 1644 visitasset,
1131 1604 1261 1645 qnidam
1285 1608 1318 1636 ut
1342 1605 1371 1636 ei
1396 1608 1595 1636 succurreret
1618 1605 1682 1636 iam
1706 1605 1767 1637 fide
1783 1605 1911 1637 inlumi-

289 1665 380 1692 natus
411 1670 524 1691 caecus
556 1659 731 1690 exclamat.
767 1658 816 1689 eui
849 1661 881 1689 ut
913 1661 1043 1689 sanctae
1076 1657 1177 1689 crucis
1208 1657 1478 1689 medicamentum
1502 1657 1658 1698 inposuit,
1692 1661 1757 1689 tam
1782 1657 1842 1689 fuit
1862 1657 1911 1690 illi

289 1714 393 1744 lumen
419 1712 478 1743 cito
502 1711 643 1752 recipere
667 1720 760 1750 quam
785 1709 962 1749 quaesisse.
1016 1710 1077 1749 131)
1105 1709 1184 1740 Item
1200 1709 1384 1741 Andecavis
1407 1718 1478 1740 eum
1501 1709 1632 1749 quidam
1654 1709 1800 1741 Maurilio
1823 1709 1910 1741 elau-

289 1765 332 1795 sis
363 1763 463 1795 oculis
493 1763 594 1794 lucem
625 1761 685 1793 sibi
716 1761 837 1793 restitui
869 1761 1060 1802 postularet,
1097 1764 1162 1792 tum
1194 1760 1339 1802 pontifex
1371 1770 1404 1792 se
1435 1760 1477 1792 ad
1500 1764 1576 1792 nota
1599 1770 1687 1792 arma
1711 1764 1906 1799 convertens,

290 1827 361 1847 mox
392 1815 517 1853 signnm
549 1813 731 1846 venerabile
756 1823 854 1854 supra
878 1813 1051 1854 palpebras
1075 1812 1145 1844 eius
1169 1812 1332 1852 extendit,
1367 1812 1454 1844 velut
1476 1812 1594 1844 balista
1618 1812 1791 1844 fortissima
1814 1822 1911 1854 pene-

289 1867 380 1899 tratis
410 1866 549 1898 tenebris
581 1875 656 1896 crux
688 1869 758 1906 post
782 1875 815 1896 se
841 1874 934 1896 caeco
959 1865 1066 1896 lumen
1089 1864 1221 1896 invexit.
1276 1864 1335 1904 ¹32)
1364 1864 1443 1895 Item
1467 1874 1539 1895 eum
1563 1864 1768 1896 Marcellinus
1791 1864 1913 1896 circiter

289 1920 399 1951 decem
423 1928 522 1949 annos
545 1917 725 1957 transigens
750 1917 780 1947 in
804 1917 913 1948 nubilo
937 1916 1109 1955 caecitatis,
1137 1919 1256 1947 tractus
1281 1915 1323 1947 ad
1346 1915 1473 1947 beatum
1498 1915 1677 1956 pontificem
1701 1915 1907 1957 pervenisset,

292 1971 343 2002 ubi
374 1970 498 2009 signum
534 1968 715 2000 adorandae
740 1968 841 1999 crucis
866 1978 962 2009 super
985 1968 1093 2000 oculos
1117 1967 1186 1999 eius
1210 1966 1369 2007 extendit,
1404 1967 1510 1999 statim
1535 1971 1720 2009 erumpente
1743 1967 1907 2009 sanguine,

291 2022 440 2061 effugatis
464 2021 604 2052 tenebris
629 2021 682 2051 lux
705 2020 844 2051 intravit.

395 2076 432 2102 :33
473 2072 554 2103 Illud
579 2072 673 2103 etiam
695 2072 785 2103 nobis
802 2075 850 2103 est
868 2072 984 2103 factum
1003 2071 1208 2103 memorabile
1226 2071 1466 2102 recensendum.
1508 2070 1586 2102 Cum
1603 2070 1748 2102 inlustris
1764 2070 1913 2102 Aetheria

294 2125 433 2156 iussione
458 2124 546 2163 regia
571 2127 780 2164 persequente
804 2123 835 2154 in
854 2123 1048 2155 Dnllaeense
1073 2123 1151 2154 villa.
1174 2122 1309 2154 militum
1335 2122 1481 2154 custodia
1496 2125 1657 2154 teneretur
1673 2122 1814 2161 obsessa,
1839 2125 1913 2154 tunc

293 2177 341 2207 ovi
375 2175 564 2217 periclitanti
597 2179 798 2206 succurrente
831 2179 939 2206 sancto
971 2179 1115 2216 pastore,
1151 2175 1239 2206 solus
1270 2178 1346 2205 uta
1369 2174 1456 2205 nullo
1481 2177 1723 2215 cognosceretur
1746 2173 1787 2205 ad
1810 2173 1911 2215 ipsam

292 2227 482 2267 ingreditur:
518 2238 578 2267 qno
611 2227 678 2257 viso
707 2227 903 2267 amplectens
933 2227 1002 2258 eius
1031 2226 1168 2267 vestigia
1196 2226 1311 2266 lugens
1342 2226 1456 2257 mulier
1485 2225 1684 2257 inhaerebat.
1737 2226 1796 2266 (3⁴)
1824 2225 1912 2256 Tune

294 2279 428 2310 infelicis
459 2278 600 2309 custodis
631 2278 743 2309 insana
774 2278 950 2318 procacitas
981 2278 1054 2310 dum
1085 2279 1153 2310 vult
1184 2288 1253 2310 eam
1281 2278 1371 2318 quasi
1396 2278 1490 2319 lupus
1513 2288 1532 2309 a
1556 2281 1644 2309 veste
1668 2276 1804 2318 pastoris
1827 2275 1912 2308 evel-

295 2331 373 2361 lcrc.
414 2329 558 2360 iniuriam
594 2329 641 2360 vir
676 2333 804 2360 sanctus
835 2330 970 2370 excepit.
1019 2330 1107 2361 Tunc
1137 2329 1193 2361 illo
1225 2329 1408 2361 insufflante
1439 2329 1471 2360 in
1503 2329 1572 2360 eius
1603 2328 1716 2360 faeiem
1747 2331 1913 2360 temerator

295 2381 467 2412 sacerdotis
499 2380 593 2411 eclcn'
625 2384 722 2412 morte
752 2381 902 2412 multatus
934 2385 992 2412 est.
1046 2383 1105 2421 (35)
1134 2381 1216 2413 Hine
1247 2385 1366 2412 terrore
1391 2384 1545 2421 urguente
1568 2380 1681 2421 reliqui
1706 2379 1911 2412 reverentiam

295 2433 472 2463 habuerunt
503 2431 660 2473 pontificis
691 2435 721 2463 et
753 2432 845 2463 nnius
876 2443 978 2473 poena
1008 2432 1084 2464 feeit
1114 2433 1195 2465 alios
1218 2433 1365 2465 inmunes
1388 2443 1408 2464 a
1431 2433 1524 2473 culpa
1547 2441 1606 2464 nee
1629 2431 1717 2473 prins
1740 2442 1760 2463 a
1782 2430 1912 2463 muliere

381 2597 395 2617 εἰ
417 2604 458 2625 prr
479 2587 530 2619 xx¹¹
552 2610 581 2612 —
604 2596 615 2619 Τ
637 2597 741 2619 feliciter
761 2596 921 2628 gnbernanit}
944 2597 964 2619 15
979 2597 1060 2626 probe,
1090 2598 1122 2627 cf.
1145 2597 1213 2626 infra
1231 2605 1250 2621 c.
1274 2599 1317 2627 20,
1346 2605 1389 2627 pur
1408 2597 1498 2626 uiginti
1517 2600 1543 2619 et
1561 2597 1671 2627 quinque
1689 2609 1723 2613 —
1742 2596 1850 2619 feliciter
1867 2602 1911 2625 gu-

298 2641 410 2661 lwrnanit
431 2640 525 2663 Suria«.
549 2647 591 2669 per
611 2640 720 2669 quinque
744 2647 819 2662 annos
839 2653 870 2656 ——
892 2641 1045 2670 feliciterque
1064 2641 1212 2669 gubernanit
1234 2640 1299 2664 Mab.
1418 2640 1432 2663 9
1453 2638 1568 2672 contigit]
1587 2647 1615 2663 co
1634 2642 1744 2670 tempore
1765 2638 1831 2662 Mab.
1854 2638 1912 2667 (non

298 2683 382 2703 Simus
533 2682 560 2705 lo
581 2681 676 2713 populi]
696 2683 855 2706 concordante
874 2685 990 2712 quamuis
1011 2684 1076 2706 ΔὶΙιιΙι,
1102 2687 1157 2706 'non
1178 2684 1273 2712 Sarius}
1422 2682 1449 2706 ΓΞ
1470 2683 1613 2705 elemosinis
1635 2682 1662 2712 Ε,
1684 2682 1807 2705 alimoniis
1826 2680 1911 2704 Sui-rm

298 2726 328 2747 22
350 2726 430 2747 uirum
451 2724 574 2757 segniam]
595 2727 643 2748 uiri
664 2727 791 2751 :oniensis
814 2728 884 2755 lirey.
909 2727 941 2750 M.
965 2727 988 2749 S.
1013 2727 1086 2750 Mart.
1111 2727 1152 2754 IV,
1178 2728 1216 2754 Η,
1238 2726 1271 2754 ‘'l'·
1295 2726 1424 2755 Lonynon,
1447 2724 1595 2755 Gc'oyrdphic
1612 2733 1637 2754 p.
1659 2726 1710 2748 ³06
1813 2723 1845 2748 23
1863 2723 1912 2746 nln-

299 2766 417 2798 l›.=n·lnn·}
440 2768 464 2791 Ι.”,
489 2769 657 2790 inalalmndum
679 2770 775 2797 Notius,
796 2770 959 2791 alaubaudum
983 2769 1044 2793 Mub.
1153 2769 1184 2792 :32
1205 2767 1272 2800 mox]
1292 2776 1347 2791 mox
1369 2772 1396 2791 nt
1415 2768 1509 2797 surius,
1532 2768 1573 2791 sed
1592 2767 1626 2797 cs.
1646 2775 1721 2790 ται-ιη.
1745 2767 1773 2797 X,
1794 2768 1819 2797 6,
1843 2766 1889 2789 122

1931 945 1958 966 15

1929 1203 1958 1224 20

1932 1460 1961 1482 25

1929 1719 1958 1739 ³⁰

1930 1977 1959 1996 ³5

1930 2233 1959 2253 «10
