2038 3036
690 136 712 163 I.
738 136 856 163 INDEX
875 136 1133 166 PERSONARVM.

138 230 247 251 sconensi
266 229 288 252 Ι.
309 236 334 253 a.
354 230 412 253 581.
447 228 495 256 Oui
513 236 574 252 num
593 230 655 253 idem
674 231 749 259 fuerit
767 239 795 254 ac
812 233 896 256 (tallo-

137 269 241 291 maynus
261 263 399 292 Fortunati,
421 262 554 295 dubitant}

104 296 194 320 Gallus
212 298 337 326 episcopus
351 298 482 321 Aruernus.
510 297 570 320 Eius
582 299 730 328 epitaphium
743 300 787 328 IV,
803 300 827 323 4.
854 301 897 323 ab—

138 331 179 354 bas
197 331 223 362 fit
242 331 284 359 IV,
299 331 322 361 4,
342 331 379 355 10.
413 339 427 354 a
449 331 583 359 Quintiano
602 332 710 355 eruditus
726 333 763 356 13.
798 335 823 356 in
841 336 898 357 aula

141 364 283 388 Theuderici
301 367 364 394 reglis
386 365 424 389 15.
442 365 480 388 16.
515 373 635 388 successor
649 367 779 395 Quintiani
800 367 838 391 17.
857 368 895 392 18.

136 399 199 422 sedet
217 407 240 422 a.
261 401 350 428 viyinti
370 401 477 429 quinque
496 399 537 423 29.
570 400 618 423 obit
637 408 730 424 annum
744 409 815 430 ayens
828 410 898 425 sema-

137 435 253 462 yesimum
272 435 379 463 primum
398 434 439 457 30.
471 432 520 465 [De
533 440 558 457 eo
571 435 654 464 fusius
667 437 713 465 eyi,
735 435 823 465 Scripl.
841 436 894 460 Rer.

141 467 230 491 Merov.
253 468 274 497 Ι,
295 476 319 497 p.
341 469 401 492 685.
421 468 451 491 Β.
472 466 527 499 K].

105 502 190 525 Ganus
209 501 345 531 discipulus
360 501 459 525 Martini
481 502 528 525 VM
540 502 585 531 111,
604 502 642 525 17.
659 502 699 526 21.
716 503 774 528 431.
795 505 840 533 IV,
858 504 896 527 12.

104 535 204 559 Gedeon
223 535 267 565 IX,
289 535 314 566 2,
336 535 378 560 29.

103 570 268 593 Gelesuintha
286 577 347 593 uxor
370 569 496 599 Chilperici
516 571 536 593 1.
557 572 619 599 reyis
640 572 728 595 Franc.
749 572 790 599 VI,
815 572 838 600 5,
860 574 896 596 tit.

137 612 152 626 a
173 604 306 632 Chilperico
324 611 377 633 reye
396 606 421 627 in
439 606 623 627 matrimonium
640 607 730 634 petitur
751 606 793 634 VI,
816 606 838 634 5,
856 606 896 630 23.

138 638 179 662 24.
213 638 293 661 Toleto
307 638 361 661 urbi
373 640 428 661 vale
442 639 500 661 dicit
513 638 638 662 97—122.
666 641 739 662 matri
754 639 895 663 173—178.

139 674 164 694 in
192 672 299 695 Galliam
323 674 367 696 iter
390 672 453 701 facit
481 672 632 696 181-236.
673 674 804 702 Chilperico
829 675 899 697 nubit

138 706 185 729 237
200 713 234 736 sq.
269 707 400 730 catholicae
418 708 529 736 reliyioni
548 714 571 730 se
590 707 681 730 addicit
700 708 758 731 246.
796 710 899 732 moritur

138 740 196 764 253.
212 740 270 764 254.
302 743 442 770 portentum
461 741 492 764 ad
508 742 558 764 cius
571 742 658 764 lectum
678 742 822 766 277—280.
839 743 895 766 365.

138 774 197 798 3136.
235 773 319 806 [Grey.
338 775 398 799 Tur.
413 775 446 798 Η.
463 776 492 798 F.
508 775 552 804 IV,
568 776 614 798 96:
636 776 705 804 Quod
724 777 812 799 videus
832 777 898 799 Chil-

139 809 239 838 peticus
258 816 310 836 rex,
333 816 389 832 cum
402 810 450 832 iam
464 810 547 839 plures
560 810 661 833 haberet
675 818 772 836 uxores.
794 818 897 834 sororem

138 844 194 866 eius
215 843 400 873 (Brunichildis)
423 844 591 867 Galsuendam
610 846 732 874 expetiit,
754 847 899 874 promittens

136 884 181 908 per
205 878 302 906 legatus
328 885 354 901 se
372 879 432 901 alias
451 879 608 908 relicturum,
637 882 734 902 tantum
754 880 898 908 condignam

137 912 185 934 sibi
210 912 324 941 regisque
343 912 435 942 prolem
454 916 589 935 mereretur
608 914 726 942 accipere.
766 914 900 942 Instiyante

137 945 295 975 Fredeyunde
314 948 383 969 iussu
401 948 464 975 reyis
483 946 610 975 interfecta
631 946 685 979 est].

103 980 244 1003 Generosus
263 980 336 1003 abbas
353 981 534 1004 Enessionensis
554 981 575 1003 B
588 980 628 1010 35,
648 986 687 1005 17.
711 979 765 1013 [Cf.
782 981 835 1005 ΑΛ.
851 982 897 1006 SS.

138 1015 187 1037 lui.
209 1015 261 1044 ιιι,
282 1022 307 1044 p.
330 1013 382 1047 47],

104 1049 228 1071 Genesius
247 1051 340 1078 martyr
358 1050 507 1073 Arelatensis
530 1050 562 1079 V,
583 1049 607 1078 2,
629 1049 670 1072 67.
705 1050 772 1080 VIII,
793 1049 816 1080 3,
841 1050 897 1073 157.

137 1081 191 1114 [Cf.
217 1082 287 1112 (ἶνες.
312 1083 370 1107 Tur.
396 1084 434 1107 Gt.
457 1084 531 1108 Mart.
553 1092 574 1106 c.
596 1083 636 1107 67.
658 1083 699 1107 68.
732 1086 754 1107 et
773 1092 833 1114 quae
852 1084 898 1107 ad-

137 1119 221 1140 notavi
240 1117 268 1141 B.
291 1116 344 1149 K..]

105 1151 277 1175 Genuomerus
296 1152 428 1175 monachus
451 1152 636 1175 Tincitlacensis
655 1153 677 1175 Β
696 1151 736 1181 31,
760 1157 798 1176 34.

105 1186 226 1214 Georgius
244 1188 337 1216 martyr
355 1186 388 1215 II,
414 1185 451 1215 12,
469 1188 505 1209 tit.
530 1186 550 1209 1.

105 1220 244 1243 Germanus
263 1222 387 1249 episcopus
403 1220 530 1243 Parisinus
543 1221 589 1250 IX,
607 1221 646 1250 11,
662 1221 685 1244 3.
722 1221 766 1243 VM
779 1222 822 1247 IV.
839 1221 897 1244 (537.

139 1254 171 1277 ad
183 1261 237 1277 eum
250 1253 336 1276 datum
349 1262 445 1277 carmen
456 1255 526 1284 VIII,
539 1254 563 1278 2.
591 1257 643 1278 eius
656 1256 709 1278 laus
723 1256 756 1283 II,
770 1255 793 1283 9,
808 1255 838 1278 27
847 1262 896 1284 sqq.

138 1295 215 1311 mores
234 1289 255 1310 B
268 1288 308 1318 42,
326 1292 366 1312 23.
392 1289 446 1312 Vita
460 1289 482 1311 B
496 1289 602 1313 12—27.
636 1290 763 1312 ‘territorii
777 1290 900 1318 Auyusti-

139 1322 256 1345 dunensis
276 1320 413 1351 indiyena’,
432 1325 503 1352 pater
523 1324 684 1352 Eleutherius,
705 1326 782 1347 mater
797 1324 901 1346 Eusebia

139 1357 162 1379 B
177 1356 216 1386 11,
231 1361 272 1380 24.
299 1357 372 1380 abbas
382 1359 524 1381 monasterii
536 1358 563 1381 S.
579 1358 752 1388 Symphoriani
766 1358 788 1379 Β
805 1357 842 1386 12,
860 1362 897 1381 lo.

142 1392 246 1414 Felicem
265 1391 442 1420 Bituriyensem
462 1393 612 1422 episcopum,
634 1392 765 1422 Syayrium
784 1392 902 1420 Auyusti-

138 1425 269 1449 dunensem
284 1428 404 1448 consecrat
417 1426 438 1448 B
452 1425 492 1455 24,
512 1430 549 1450 17.
567 1430 606 1450 211.
636 1427 742 1450 membra
760 1426 839 1449 Albini
852 1428 901 1455 epi-

138 1461 203 1488 scopi
217 1460 334 1488 transfert
353 1460 428 1486 1332,
446 1464 486 1483 27.
515 1461 645 1484 virtutibus
664 1460 692 1483 ab
713 1467 738 1484 eo
758 1460 827 1483 editis
844 1461 901 1483 For-

139 1496 241 1517 tunatus
263 1495 359 1517 interest
385 1495 406 1516 B
424 1494 466 1524 20,
491 1499 529 1518 14.
552 1494 591 1524 25,
616 1499 637 1518 7.
681 1494 800 1518 Germano
824 1495 901 1517 Vitam

142 1528 251 1551 Marcelli
276 1528 341 1551 dicat
366 1529 388 1551 B
407 1528 448 1557 49,
472 1534 493 1553 ss.
533 1530 553 1551 ci
578 1536 601 1551 se
623 1532 719 1552 excusat
739 1529 898 1557 Fortunatus,

141 1562 205 1592 quod
223 1570 238 1585 a
252 1562 403 1591 Radeyunde
422 1566 528 1586 retentus
541 1570 590 1586 non
607 1563 638 1585 ad
651 1571 705 1586 eum
718 1565 809 1586 venerit
829 1563 898 1591 VIII,

140 1596 163 1619 2.
201 1599 307 1619 moritur
325 1599 402 1619 aetate
421 1597 472 1626 sere
490 1599 656 1626 octoyenarius
681 1597 719 1620 die
745 1599 830 1627 quinto
850 1597 898 1620 kal.

139 1632 207 1654 Iunii
220 1632 241 1653 Β
254 1631 293 1660 27,
310 1634 349 1655 20.
380 1629 422 1663 [A.
440 1633 497 1661 576,
513 1632 644 1661 Greyorius
658 1632 715 1655 Tur.
731 1632 763 1655 H.
777 1632 803 1654 F.
826 1631 849 1661 V,
863 1629 898 1663 8].

140 1665 251 1694 Epistula
272 1666 431 1694 suppositicia
459 1666 568 1695 Greyorii
590 1667 646 1690 Tur.
669 1666 699 1688 ad
718 1673 772 1688 eum
791 1666 849 1689 data
868 1668 901 1688 est

141 1700 160 1722 B
180 1699 220 1728 82,
245 1705 267 1724 s.

106 1734 240 1757 Gervasius
258 1737 350 1764 martyr
363 1735 436 1764 VIII,
451 1733 473 1764 3,
493 1734 548 1758 168.
581 1734 681 1758 Geruasi
693 1737 713 1757 et
729 1735 823 1757 Protasi
836 1734 899 1757 basi-

139 1769 187 1791 lica
207 1768 322 1791 Parisina
341 1769 363 1791 B
383 1768 423 1797 23,
449 1773 468 1792 1.
492 1768 532 1799 25,
556 1774 578 1792 3.

106 1802 254 1826 Gildomeris
274 1803 407 1825 Exonensis
427 1803 447 1825 B
469 1803 508 1832 15,
530 1807 554 1826 4.

106 1837 237 1860 Gislaadus
256 1837 277 1859 B
296 1836 338 1864 ¹15,
361 1841 400 1860 31.

106 1871 173 1894 Goda
190 1872 305 1894 monialis
325 1871 346 1893 Β
365 1871 406 1900 46,
429 1876 468 1895 2523.

105 1906 171 1934 Gogo
190 1906 234 1935 VI,
255 1905 278 1934 8,
294 1905 334 1928 37.
373 1905 411 1927 Ad
430 1912 484 1928 eum
503 1906 610 1928 carmina
630 1905 688 1928 data
706 1906 762 1934 VH,
781 1904 853 1928 1-4.
887 1913 900 1927 a

139 1941 247 1963 consiliis
266 1939 409 1968 Siyebercthi
422 1941 484 1968 reyis
499 1939 520 1969 1,
537 1940 578 1962 35.
608 1940 701 1968 leyatus
715 1939 899 1963 Brunichildem
913 1960 914 1967 ,

140 1981 167 1996 ec
182 1975 303 2003 Hispania
322 1973 423 1997 adducit
444 1973 466 2003 1,
480 1973 522 1997 41.
537 1973 578 1996 42.
609 1974 702 1997 scholae
720 1974 812 1996 aulicae
831 1972 914 2002 prae-l

140 2011 174 2031 est
197 2008 220 2037 -1,
248 2008 289 2031 25.
311 2008 352 2032 26.
388 2008 468 2031 Cicero
492 2011 514 2031 et
540 2009 642 2037 Apicius
666 2009 805 2038 appellatur
829 2008 852 2036 2,
875 2008 914 2031 3.=

140 2044 192 2065 eius
211 2043 346 2072 eloquentia
372 2042 394 2071 1,
419 2043 446 2066 13
461 2050 492 2072 sq.
532 2044 609 2071 pietas
634 2042 675 2066 29.
713 2043 835 2071 sapientia
858 2042 898 2065 37.

140 2079 165 2099 in
184 2077 347 2099 Fortunatam
371 2077 537 2099 benevolentia
563 2077 618 2105 VII,
644 2076 665 2105 1,
688 2076 728 2100 11.
766 2077 794 2099 ab
818 2083 843 2099 eo
869 2076 900 2099 arl

140 2118 224 2134 cenam
244 2113 362 2134 invitatus
381 2118 405 2134 sc
424 2113 520 2134 eoecusat
539 2111 688 2133 Fortunatus
707 2111 730 2134 2.
757 2109 811 2142 [Cf.
827 2110 898 2138 (ἶνες),

143 2146 199 2167 Tur.
216 2146 248 2168 H.
265 2146 293 2168 F.
315 2146 339 2175 V,
355 2146 403 2169 46:
423 2152 479 2169 eum
493 2145 591 2174 Gogone
611 2146 654 2174 qui
668 2149 727 2168 tuno
740 2146 804 2174 regis
827 2141 914 2174 (Chii-¹

567 2179 633 2202 Teste
649 2179 793 2208 lr‘redeyario
806 2179 853 2206 ΙΙΙ,
870 2178 900 2201 59
913 2179 915 2196 ἱ

141 2179 257 2202 debercthi
271 2180 306 2208 II)
328 2183 379 2202 erat
398 2180 529 2202 nutricius.

140 2215 248 2237 nutritas
269 2214 382 2237 Chrodini
401 2214 483 2243 ducis,
514 2215 583 2237 cuius
601 2214 701 2236 consilio
720 2214 797 2236 maior
815 2213 900 2235 domus

142 2249 254 2277 eliqitur:
274 2248 423 2279 Prosperum
443 2249 501 2271 haec
520 2248 644 2277 Gogonem
664 2249 693 2271 ad
712 2247 899 2277 gubernandum

141 2283 202 2312 suit,
230 2283 391 2312 quoadusque
410 2283 600 2305 Brunechildem
626 2283 655 2305 de
675 2282 764 2311 Spania
786 2282 915 2304 adduxit*

141 2316 220 2344 Quem
239 2317 414 2339 Brunechildis
440 2318 554 2340 continuo
576 2316 641 2347 apud
662 2316 818 2345 Sigybertum
844 2316 902 2338 fecit

141 2351 260 2381 odiosum,
282 2352 415 2381 ipsumque
434 2358 478 2374 suo
493 2352 627 2379 instigante
640 2351 742 2374 consilio
757 2351 902 2378 Sigybertus

141 2386 276 2408 interfecit.
312 2385 380 2409 Circa
398 2393 422 2409 a.
441 2387 489 2410 581
510 2385 584 2413 obiit,·
605 2384 639 2414 cf.
659 2385 729 2414 Grey.
748 2385 806 2408 Tar.
822 2384 854 2408 H.
872 2385 899 2407 lf'.

147 2420 187 2448 VI,
212 2422 222 2442 1
239 2437 244 2442 .

107 2417 256 2477 Goisuintgxa
280 2460 342 2476 uror
360 2454 533 2483 Athanayildi,
561 2453 646 2476 deinde
670 2453 798 2477 Leuvieldi
818 2459 902 2482 reyurn

147 2488 287 2516 Gothorum,
308 2490 386 2511 mater
404 2488 570 2511 Brunichildis
590 2490 610 2510 et
630 2488 798 2511 Gelesuinthae
817 2488 861 2516 VI,
878 2487 900 2516 5,

143 2521 184 2546 28.
200 2522 241 2546 48.
262 2521 316 2546 138.
336 2521 391 2546 178.
409 2522 467 2546 319.
502 2523 593 2551 leyatos
614 2522 742 2551 Chilperici
760 2523 821 2550 reyis
840 2522 902 2544 allo-

143 2558 226 2586 quitur
241 2555 350 2579 49-82.
381 2558 510 2580 comitatur
523 2557 599 2586 (iliam
616 2555 756 2579 125—180.
785 2556 857 2578 rerba
871 2555 902 2577 ad
916 2546 917 2571 Ῐ

143 2591 324 2614 Gelesuintham
353 2592 379 2614 in
408 2590 514 2613 Galliam
541 2591 732 2621 proficiscentem
759 2589 900 2613 1311-168,

140 2626 256 2654 planctus
275 2625 303 2648 cle
322 2625 374 2653 filia
392 2627 490 2648 mortua
509 2624 652 2649 321—346.
682 2623 734 2656 [Of.
752 2625 823 2653 (r'rey.
843 2625 900 2647 Tar.

142 2659 175 2682 H.
198 2660 227 2683 F.
248 2659 292 2689 IV,
315 2657 366 2690 38].

110 2694 205 2717 Goliath
226 2694 284 2723 (acc.
307 2692 411 2723 Gonam)
430 2693 463 2721 X,
484 2693 508 2722 2,
530 2692 545 2724 S
568 2693 605 2717 16.

109 2728 183 2752 Grata
201 2729 290 2751 mulier
309 2727 493 2756 Andeaauensis
512 2728 532 2750 B
552 2727 592 2757 30,
618 2732 655 2750 15.

109 2762 242 2790 Gregorius
261 2764 354 2792 niartyr
372 2762 405 2791 X,
428 2761 466 2792 10,
490 2761 529 2785 25.

916 2726 1092 2749 ’(11111111131-1115
1119 2727 1217 2755 reyinae
1242 2727 1386 2755 patrimonii
1410 2726 1564 2755 aubernator.

1658 145 1715 173 119

926 234 1058 262 Gregorius
1078 235 1099 257 I.
1119 241 1186 263 papa
1205 235 1225 257 Β
1244 235 1286 265 93,
1310 240 1331 259 1.

926 268 1058 296 Gregorius
1072 270 1194 297 episcopus
1209 269 1378 298 Linyonensis.
1400 270 1460 293 Eius
1473 271 1622 300 epitaphium
1636 271 1677 300 IV,
1691 271 1715 294 2.

959 303 1027 330 prius
1043 301 1164 331 ‘arbiter',
1180 303 1266 326 deinde
1279 304 1389 326 sacerdos
1401 311 1424 327 υ.
1441 303 1463 328 7.
1485 306 1584 333 triyinta
1598 305 1659 328 duos
1672 312 1717 328 an-

959 343 1002 358 nos
1018 337 1189 366 pontificatum
1208 337 1363 361 administrat
1381 346 1403 361 v.
1423 338 1445 361 9.
1479 336 1562 369 [Grey.
1587 340 1643 363 Tar.
1669 339 1714 362 Vit.

958 372 1022 398 patr.
1043 370 1096 398 VII,
1113 372 1128 396 ‚S
1144 373 1172 393 l:
1192 371 1325 400 Gregorius
1341 379 1371 394 ex
1386 373 1541 396 senatoribus
1554 374 1640 403 primis
1654 374 1716 396 bene

960 404 1050 426 litteris
1065 405 1207 435 institutus,
1228 406 1440 434 Agustidunensis
1454 407 1561 430 civitatis
1575 408 1716 430 comitatum

960 438 1078 465 ambivit,
1100 439 1125 460 111
1146 440 1260 462 comitatu
1280 442 1362 462 autem
1381 441 1486 469 positus,
1510 442 1633 470 regionem
1650 442 1716 464 illam

960 478 1004 501 per
1017 472 1179 501 quadraginta
1191 480 1267 496 anuos
1280 474 1377 497 iustitia
1396 476 1527 497 comitante
1546 476 1650 499 correxit
1663 493 1669 499 .
1686 493 1692 499 .
1710 493 1715 498 .

960 507 1091 534 coniugem
1116 507 1144 529 de
1169 514 1258 535 genere
1283 509 1406 531 senatorio
1425 509 1518 532 habens
1537 510 1717 532 Armentariam

961 541 1070 563 nomine.
1104 542 1120 568 ἕ
1138 541 1169 563 2:
1189 542 1247 564 Post
1266 545 1367 565 mortem
1387 545 1469 565 autem
1489 545 1572 566 uxoris
1590 544 1619 566 ad
1638 544 1716 567 domi-

960 580 1019 596 num
1038 576 1190 597 convertitur
1209 578 1232 598 et
1251 576 1344 599 electus
1364 584 1377 599 a
1394 578 1484 606 populo
1499 578 1645 605 Lingonicae
1663 579 1716 600 urbi

960 609 1089 637 episcopus
1102 609 1236 632 ordinatur.
1263 612 1278 636 ‚S
1299 611 1330 632 3:
1350 617 1405 633 cum
1425 611 1453 633 ad
1472 614 1583 634 sanetum
1596 613 1716 641 epifanio-

960 649 1013 664 rum
1027 643 1055 664 ad
1069 643 1195 665 civitatem
1208 644 1330 673 Lingonas
1344 645 1500 673 ambulasset,
1517 653 1529 668 a
1544 646 1635 668 modica
1649 647 1717 668 febre

960 676 1073 705 pulsatus
1093 677 1207 705 migravit
1225 678 1254 700 ad
1269 678 1395 701 Christum
1410 697 1415 702 .
1433 697 1437 701 .
1468 682 1483 705 ,ξ’
1501 682 1533 701 6.·
1553 680 1622 702 Obiit
1634 683 1717 703 autem

960 711 1087 738 trigesimo
1112 712 1183 733 tortio
1208 713 1364 742 episcopatus
1389 714 1426 735 sui
1452 720 1514 736 auno
1538 716 1618 737 aetate
1642 721 1718 737 nona-

960 745 1068 773 genaria.
1103 744 1218 768 Conciliis
1232 746 1367 775 Epaonensi
1380 749 1401 769 et
1415 747 1572 775 Luydunensi
1586 749 1606 770 I.
1620 756 1644 772 a.
1657 749 1715 772 517.

962 778 1108 802 Arvernensi
1122 786 1146 803 a.
1163 780 1211 802 535
1224 782 1245 802 et
1256 787 1299 808 per
1313 780 1448 803 Euantium
1461 782 1624 811 presbyterum
1638 782 1717 805 Aure-

960 813 1065 836 lianensi
1077 813 1127 836 ΙΙΙ.
1140 821 1162 836 a.
1177 814 1226 837 533
1236 813 1392 843 subscripsit,-
1406 814 1439 843 cf.
1452 815 1539 844 Script.
1555 815 1609 838 Ber.
1625 816 1715 839 Meron».

962 847 983 874 1,
1002 854 1027 875 p.
1050 848 1099 870 ass
1117 865 1121 869 .

927 881 1058 908 Gregorius
1085 845 1209 910 egiscopus
1238 882 1406 905 Nazianzenus
1435 883 1467 911 V,
1491 882 1511 911 1,
1538 883 1553 913 ᾗ
1573 883 1596 906 7.

960 915 1032 944 VIII,
1057 914 1078 943 1,
1100 915 1139 939 54.
1161 915 1206 943 IX,
1228 915 1252 943 6,
1273 915 1297 938 5.

927 949 1058 977 Gregorius
1084 950 1207 978 episcopus
1233 949 1382 973 Turonensis
1410 951 1429 979 Ι,
1459 950 1496 979 16,
1519 951 1559 974 40.
1593 952 1625 981 X,
1647 952 1668 979 5,
1691 951 1714 975 9.

961 982 985 1012 6,
1009 982 1064 1006 101.
1088 983 1126 1011 14,
1149 982 1172 1006 9.
1211 983 1241 1005 ad
1266 991 1322 1007 eum
1339 986 1448 1007 carmina
1467 985 1525 1008 data
1548 986 1628 1014 praef.
1651 986 1670 1014 I,
1692 986 1715 1009 5.

960 1017 992 1045 V,
1014 1016 1038 1040 4.
1060 1017 1084 1039 5.
1105 1017 1198 1040 8—17.
1218 1018 1288 1047 VIII,
1313 1017 1418 1042 11—21.
1444 1019 1489 1048 IX,
1511 1019 1534 1043 6.
1557 1019 1580 1042 7.
1608 1020 1639 1047 X,
1664 1019 1716 1043 12³.

965 1050 1011 1073 VM
1026 1052 1089 1080 prol.
1111 1055 1188 1074 mater
1206 1053 1363 1075 Armentaria
1375 1053 1408 1083 X,
1427 1053 1464 1076 15.
1497 1054 1613 1077 alumnus
1627 1054 1718 1077 Iuliani

962 1085 991 1114 V,
1014 1084 1037 1115 3,
1062 1085 1100 1108 11.
1127 1084 1164 1117 [S.
1187 1086 1282 1109 Iuliani
1300 1087 1431 1110 alumnum
1448 1089 1574 1116 proprium
1593 1090 1663 1111 semet
1682 1090 1718 1117 ip-

961 1126 983 1141 se
1008 1120 1126 1149 appellat,
1159 1120 1196 1142 De
1220 1122 1276 1143 virt.
1303 1120 1329 1144 S.
1356 1121 1450 1144 Iuliani
1473 1130 1492 1143 c.
1515 1120 1566 1153 50].
1611 1122 1718 1145 eruditas

961 1154 989 1176 ab
1012 1154 1081 1176 Avito
1101 1155 1130 1183 V,
1152 1154 1175 1183 5,
1200 1153 1255 1178 145.
1294 1155 1323 1177 ab
1350 1155 1450 1183 Aeyidio
1475 1156 1586 1179 Remensi
1610 1158 1718 1185 episcopo

960 1190 1112 1210 consecratus
1135 1188 1164 1217 V,
1186 1189 1211 1217 3,
1234 1188 1272 1212 13.
1310 1190 1433 1212 ecclesiam
1456 1189 1599 1213 Taronicam
1618 1193 1719 1213 renovat

961 1222 994 1251 X,
1015 1221 1040 1251 6,
1055 1223 1091 1245 tit.
1116 1221 1154 1245 11.
1173 1222 1211 1245 17.
1230 1222 1268 1246 18.
1285 1222 1324 1246 23.
1340 1222 1448 1247 73—92.
1480 1225 1574 1247 interest
1593 1231 1718 1247 consecra-

962 1257 1021 1279 tioni
1040 1256 1152 1280 Platonis
1173 1256 1330 1280 Pictaniensis
1349 1259 1454 1286 episcopi
1478 1258 1510 1286 X,
1534 1257 1572 1287 14,
1594 1258 1617 1281 9.
1657 1258 1718 1281 Gre-

961 1291 1022 1319 yorii
1046 1291 1100 1313 laus
1123 1291 1154 1320 X,
1179 1290 1217 1320 11,
1239 1290 1270 1315 27
1284 1299 1334 1320 sqq.
1361 1291 1400 1321 15,
1424 1291 1453 1315 10
1471 1294 1571 1321 passim.
1610 1294 1661 1315 eius
1680 1294 1718 1316 in-

962 1326 1058 1347 troitum
1087 1325 1112 1347 in
1140 1324 1221 1347 urbem
1253 1326 1417 1348 Turonensem
1442 1327 1591 1349 Fortunatus
1618 1327 1719 1349 celebrat

962 1359 991 1386 V,
1007 1358 1030 1381 3.
1061 1359 1220 1387 salutateum
1233 1366 1259 1382 ex
1279 1361 1363 1382 itinere
1381 1360 1519 1383 redeuntem
1538 1362 1568 1389 V,
1584 1361 1608 1385 8.
1624 1360 1659 1384 8³.
1678 1360 1715 1384 12.

964 1393 1003 1415 111.
1020 1392 1059 1416 17.
1090 1393 1159 1421 VIII,
1184 1393 1221 1416 14.
1246 1393 1284 1416 15.
1308 1394 1347 1417 16.
1371 1393 1409 1417 17.
1435 1393 1472 1417 18.
1508 1396 1632 1418 exilinere
1644 1394 1720 1418 redux

962 1427 992 1457 V,
1010 1426 1050 1456 11,
1069 1427 1106 1450 10.
1147 1427 1297 1450 Fortunatus
1315 1428 1376 1458 febri
1394 1430 1514 1457 correptus
1533 1436 1589 1451 cum
1610 1429 1719 1452 Turonos

962 1461 1029 1484 adire
1045 1468 1096 1484 non
1107 1463 1218 1491 potuerit,
1245 1462 1386 1490 Greyorium
1399 1464 1438 1491 qui
1451 1470 1506 1485 eum
1520 1464 1664 1485 invitaverat
1678 1470 1719 1485 sa-

963 1496 1026 1517 lutat
1050 1496 1119 1524 VIII,
1143 1495 1181 1518 11.
1217 1503 1261 1525 pro
1285 1496 1398 1525 Greyorio
1416 1499 1471 1519 vola
1491 1498 1516 1519 in
1534 1498 1649 1519 natalicio
1667 1498 1719 1520 eius

963 1530 992 1559 V,
1010 1529 1033 1552 4.
1056 1529 1169 1558 Greyorio
1183 1533 1279 1553 auctore
1292 1532 1402 1553 carmina
1414 1531 1461 1553 edit
1476 1531 1625 1554 Fortunatus
1637 1532 1716 1560 praef.

963 1563 1014 1595 34.
1048 1565 1160 1587 carmina
1179 1565 1198 1586 ci
1217 1565 1313 1587 dedicat
1330 1565 1411 1594 praef.
1427 1563 1479 1595 §15.
1512 1565 1554 1588 illo
1573 1568 1674 1594 royante
1692 1565 1720 1587 de

962 1598 1050 1620 cellula
1064 1598 1088 1621 S.
1107 1598 1209 1621 Martini
1222 1606 1320 1621 carmen
1332 1599 1413 1621 scribit
1432 1600 1450 1628 I,
1468 1599 1491 1622 5.
1523 1606 1621 1622 carmen
1634 1599 1661 1622 de
1675 1600 1719 1622 Iu-

963 1632 1029 1654 daeis
1048 1633 1077 1654 ab
1093 1632 1164 1655 Avito
1182 1634 1301 1656 conversis
1321 1634 1342 1656 ei
1359 1634 1432 1656 mittit
1451 1633 1481 1662 V,
1498 1633 1521 1662 5,
1537 1632 1553 1664 ἓ
1568 1633 1590 1657 1.
1623 1641 1720 1656 carmen

963 1666 1081 1695 Sapphico
1099 1668 1174 1690 metro
1194 1668 1353 1696 compositum
1369 1667 1496 1696 pollicetur
1518 1667 1562 1696 IX,
1586 1668 1608 1691 6.
1647 1669 1720 1690 mittit

963 1700 1008 1729 IX,
1026 1700 1048 1724 7.
1090 1700 1204 1729 Greyorio
1219 1703 1295 1724 vitam
1309 1701 1410 1724 Martini
1424 1703 1623 1724 transmissarum
1636 1709 1660 1724 se
1673 1708 1720 1724 esse

961 1735 1091 1764 pollicetur
1109 1736 1213 1764 epistula
1235 1735 1273 1758 ‘in
1291 1735 1376 1758 ‘messe’
1396 1737 1485 1764 scripta
1512 1735 1558 1758 VM
1572 1737 1637 1765 prot.
1659 1736 1674 1767 ᾗ
1693 1735 1717 1758 4.

963 1769 1075 1798 Greyorio
1099 1770 1190 1798 qratias
1215 1771 1264 1798 aqit
1284 1770 1433 1793 Fortunatus
1454 1777 1498 1798 pro
1522 1770 1582 1792 libro
1605 1771 1720 1799 praestito

964 1803 994 1832 V,
1011 1802 1048 1827 8¹².
1086 1804 1114 1826 <Ie
1134 1805 1274 1826 inuitatione
1293 1804 1323 1833 V,
1342 1804 1364 1827 9.
1403 1810 1446 1833 pro
1463 1805 1542 1832 pomis
1562 1807 1583 1826 et
1601 1804 1720 1834 yrasfiolis

963 1837 992 1867 V,
1016 1837 1055 1860 13.
1094 1838 1122 1860 de
1140 1838 1202 1860 villa.
1220 1838 1279 1861 elata
1300 1838 1364 1865 VlII¹
1384 1838 1422 1861 19.
1461 1838 1489 1860 de
1508 1845 1564 1867 aqro
1581 1841 1662 1867 postea
1681 1845 1720 1861 re-

963 1871 1084 1895 stituendo
1098 1872 1163 1899 VIII,
1182 1872 1221 1896 20.
1250 1872 1278 1894 de
1290 1873 1367 1894 niveis
1379 1872 1481 1901 pellibus
1492 1880 1536 1901 pro
1549 1873 1633 1901 caliois
1647 1872 1716 1901 vm,

963 1905 1003 1929 21.
1037 1913 1051 1928 a
1068 1906 1180 1934 Greyorio
1200 1908 1318 1929 invitat-us
1336 1913 1360 1928 se
1378 1908 1485 1935 excusat,
1505 1909 1610 1929 retentus
1629 1906 1657 1929 ab
1671 1907 1720 1929 alio

962 1941 1078 1969 episcopo,
1093 1943 1119 1962 ut
1132 1940 1227 1963 videtur
1241 1941 1388 1963 Pictaviensi
1407 1941 1438 1969 V,
1454 1940 1476 1964 9.
1507 1942 1651 1969 (r'reyorium
1663 1941 1719 1963 lau-

962 1974 1012 2003 dat,
1034 1976 1089 2004 quia
1108 1974 1260 1997 Artannense
1278 1976 1411 1997 oratorium
1430 1975 1500 1997 novis
1519 1976 1586 1997 tectis
1605 1975 1719 1997 instruaeit

963 2008 994 2037 X,
1017 2008 1039 2036 5,
1062 2008 1085 2032 9.
1128 2008 1240 2037 Greyorio
1268 2008 1420 2031 commendat
1444 2008 1567 2037 famulum
1595 2009 1626 2037 V,
1649 2008 1672 2037 8,
1693 2009 1717 2031 9.

962 2042 1086 2071 famulum
1110 2042 1277 2065 Proclomerem
1303 2043 1333 2072 V,
1357 2041 1395 2072 8¹¹,
1415 2042 1438 2066 9.
1476 2044 1614 2071 mulierem,
1647 2050 1720 2072 quam

963 2078 1012 2105 ipse
1026 2076 1155 2105 Greyorius
1169 2076 1200 2099 ad
1211 2079 1307 2106 poetam
1319 2078 1418 2100 miserat
1436 2077 1466 2106 V,
1485 2076 1523 2106 10,
1540 2077 1553 2099 5
1564 2084 1613 2106 sqq.
1648 2077 1719 2106 puet-

962 2111 1012 2133 lam
1028 2112 1125 2141 iniuste,
1146 2113 1173 2134 ut
1191 2111 1295 2141 videtur,
1317 2110 1380 2139 furti
1399 2114 1536 2134 accusatam
1555 2111 1586 2141 V,
1608 2110 1646 2134 14.
1677 2118 1720 2139 pe-

962 2146 1085 2173 regrinum
1105 2146 1134 2173 V,
1153 2146 1191 2168 15.
1230 2145 1336 2174 (ireyorii
1354 2147 1475 2168 ‹tua-ilium
1493 2152 1536 2174 pro
1553 2146 1635 2174 puella
1653 2153 1667 2167 a
1681 2146 1719 2167 iu-

963 2179 1057 2202 dicibus
1076 2182 1148 2208 capta
1167 2180 1280 2208 implorat
1298 2179 1330 2207 X,
1348 2179 1398 2203 12².
1435 2180 1578 2208 Greyorium
1597 2180 1719 2208 implorat,

962 2215 989 2236 ut
1007 2220 1097 2236 memor
1115 2213 1331 2236 commendationis
1361 2213 1457 2236 ‘beatae
1475 2213 1588 2236 dominae
1605 2220 1671 2236 meae
1689 2213 1719 2243 (i-

963 2248 1009 2270 liae
1027 2249 1065 2270 vel
1084 2249 1134 2270 iam
1151 2249 1236 2270 matris
1254 2250 1345 2271 vestrae
1364 2247 1467 2270 domnae
1486 2247 1653 2276 Radeyundis'
1675 2247 1719 2269 ali-

964 2281 1077 2304 batissam
1095 2283 1234 2305 monasterii
1252 2289 1271 2305 s.
1295 2282 1378 2304 Crucis
1396 2282 1495 2304 adiuvet
1514 2282 1582 2309 VIII,
1607 2281 1645 2305 12.
1666 2281 1717 2304 12³.

963 2316 995 2339 ad
1013 2316 1156 2345 Greyorium
1175 2317 1322 2339 Fortunatus
1341 2317 1421 2339 scribit
1440 2316 1551 2338 Iustinae
1568 2317 1645 2344 neptis
1669 2317 1720 2338 eius

962 2352 1060 2372 nomine
1073 2352 1196 2380 ipsamque
1208 2350 1359 2373 commendat
1378 2350 1446 2379 VIII,
1466 2349 1503 2372 13.
1525 2350 1568 2378 IX,
1586 2350 1609 2378 7,
1626 2349 1666 2374 81.
1687 2362 1721 2366 —-

967 2384 1075 2412 Greyorii
1088 2385 1190 2413 epistula
1203 2386 1361 2413 suppositicia
1373 2385 1491 2407 Germano
1506 2384 1658 2407 Parisiorum
1671 2385 1722 2413 epi-

963 2425 1032 2447 scopo
1051 2418 1109 2441 data
1128 2419 1150 2441 B
1169 2417 1208 2447 82,
1227 2424 1248 2442 ϋ.
1266 2424 1288 2441 s.
1327 2416 1457 2450 [Successit
1477 2418 1615 2447 Euphronio
1634 2420 1659 2441 in
1677 2425 1719 2441 ca-

964 2452 1045 2475 thedra
1063 2452 1199 2476 Turonensi
1217 2461 1240 2476 a.
1256 2454 1320 2479 573‚·
1341 2453 1372 2482 cf.
1390 2453 1422 2476 H.
1439 2453 1466 2475 F.
1483 2452 1511 2482 X,
1528 2454 1569 2481 ³1,
1592 2460 1663 2482 quam
1681 2454 1719 2475 vi-

963 2487 1033 2509 detur
1049 2488 1215 2516 perscripsisse
1233 2495 1256 2510 a.
1272 2485 1342 2518 593}

931 2521 1107 2549 Gundegisilus
1117 2523 1240 2550 episcopus
1252 2521 1438 2550 Burdeyalensis
1449 2521 1505 2550 5⁷11,
1516 2520 1556 2549 25,
1568 2520 1590 2544 7.
1606 2518 1719 2552 [Gunde-

963 2556 1049 2583 grisilus
1072 2558 1229 2584 coynomento
1254 2555 1323 2578 Dodo
1351 2562 1426 2578 comcs
1451 2554 1598 2578 Santonicus
1625 2557 1720 2577 mortuo

965 2589 1125 2613 Berthramno
1145 2590 1389 2612 iussa‹1'anthramni
1408 2590 1469 2618 reglis
1488 2590 1612 2618 episcopus
1626 2589 1720 2611 Burde-

964 2624 1068 2652 aniensis
1086 2624 1213 2646 ordinatus
1232 2627 1280 2650 est,-
1306 2623 1340 2652 cf.
1365 2623 1436 2652 (ἕνα).
1461 2623 1518 2646 Tur.
1540 2623 1571 2646 H.
1596 2623 1622 2646 F.
1649 2623 1718 2652 VIII,

965 2658 1004 2681 22³.
1034 2658 1093 2680 Erat
1112 2659 1174 2680 inter
1191 2659 1313 2687 episcopos
1332 2658 1372 2687 qui
1391 2658 1524 2681 tumultum
1539 2659 1564 2680 in
1576 2657 1720 2680 monasterio

965 2692 990 2714 S.
1011 2691 1168 2720 Radeyundis
1186 2694 1293 2714 exortam
1311 2698 1450 2721 componere
1468 2690 1616 2723 studebant]¹

1603 2725 1641 2748 Aa
1666 2732 1720 2749 eum

1629 884 1654 913 3,
1675 884 1716 907 39.

963 2767 1060 2783 carmen
1078 2761 1163 2784 <latum
1184 2760 1240 2790 VII,
1265 2760 1303 2783 17.
