2038 3036
75 690 101 709 10

75 946 102 965 15

73 1203 102 1223 20

74 1460 103 1480 25

75 1719 103 1738 30

705 124 799 150 VITA
821 124 955 151 SANGTI
976 125 1150 151 PATERNI.
1696 129 1733 157 37

121 221 200 257 rant,
229 217 396 253 Melanius,
425 216 619 248 Leontianus
637 221 667 248 ct
684 218 781 257 Vigor
798 219 947 259 episcopi,
975 229 1031 259 per
1055 219 1278 250 revelationem
1303 230 1374 251 enm
1399 221 1624 251 ordinaverunt
1647 224 1736 252 ante—

122 269 237 301 stitem.
290 269 352 309 (47)
380 268 460 299 Tum
491 267 560 308 ipse
593 268 791 308 stupefactus
823 270 880 301 sed
909 271 995 311 apud
1026 280 1059 302 se
1086 271 1241 310 retinens,
1275 272 1421 311 quamvis
1445 275 1519 303 tunc
1542 272 1731 310 tractaverit,

121 323 193 362 post
221 319 375 361 probavit.
423 319 506 350 Nam
537 329 596 350 nec
626 319 719 360 longo
751 320 919 352 intervallo
951 322 992 352 ad
1023 322 1285 363 supplicationem
1318 326 1381 353 tam
1405 323 1508 363 plebis
1532 333 1625 363 quam
1650 323 1737 364 prin—

122 371 201 412 cipis
224 371 378 402 Abrincas
408 373 536 411 pastore
566 371 733 402 recedente
763 372 917 403 successit
947 383 1004 404 nec
1029 382 1175 405 recusare
1200 376 1323 414 poterat
1346 374 1430 413 quod
1453 374 1515 405 iam
1540 377 1662 405 secreta
1685 373 1736 405 dei

122 422 360 464 dispensatione
391 425 603 462 portentatum
635 425 714 453 erat.
767 424 825 463 (48)
855 424 927 454 Mox
951 424 1083 455 effectus
1107 424 1251 465 pontifex
1274 425 1318 456 ita
1342 434 1377 456 se
1400 425 1432 455 in
1456 425 1662 456 ecelesiarum
1687 425 1738 455 in-

122 473 313 506 stauratione
344 473 395 504 vel
425 482 508 504 nova
534 472 757 504 aedificatione
781 474 937 513 exercuit,
974 475 1101 506 domum
1125 476 1365 516 recuperatione
1390 476 1560 515 succinxit,
1597 476 1737 507 culturae

121 525 257 556 utilitate
281 523 447 565 disposuit,
474 534 650 565 pauperum
674 524 946 557 administratione
970 526 1119 566 profudit,
1148 530 1181 557 ut
1204 530 1289 558 esset
1311 527 1343 557 in
1369 527 1505 567 singulis
1529 527 1683 558 mirabilis
1707 531 1737 558 et

120 577 153 608 in
176 576 322 607 omnibus
347 575 532 615 singularis.

211 628 272 668 (49)
298 626 384 658 Illud
414 627 509 658 etiam
539 626 649 658 111011ῒο
679 627 850 659 memoriae
879 638 940 659 non
972 628 1146 660 fraudatur.
1196 630 1275 661 Cum
1301 629 1437 669 quadam
1462 629 1530 660 viee
1555 629 1586 659 in
1610 629 1736 660 Tende-

123 679 208 711 ciaco
238 679 316 710 villa
339 678 456 710 Severo
486 678 599 720 comite
631 678 829 718 advenisset,
867 679 1024 720 quaedam
1056 680 1174 711 femina
1203 680 1283 711 civis
1318 680 1468 711 {edonica
1491 680 1519 711 ei
1544 680 1575 711 in
1599 681 1738 711 oratione

122 731 229 762 oblata
258 733 306 762 est
335 733 433 761 muta.
481 730 550 768 Quo
581 733 690 761 sancto
720 730 787 761 viro
818 731 958 762 oratione
987 731 1150 772 conpleta,
1186 731 1290 762 statim
1315 730 1428 762 mulier
1451 731 1546 771 longa
1569 731 1672 772 erupit
1696 731 1739 762 si-

121 782 221 814 lentia
243 792 301 813 nec
324 781 426 823 potuit
447 781 574 813 inimico
599 781 717 813 servire
741 781 871 821 diutius,
898 793 960 823 quo
984 783 1140 814 libertatis
1164 786 1273 813 auctor
1297 782 1441 814 Christus
1464 782 1524 813 fuit
1546 782 1721 813 invocatus.

212 833 271 873 (50)
299 833 399 873 Igitur
427 843 497 864 cum
527 832 619 865 tertio
651 833 773 864 decimo
803 844 885 864 anno
916 834 963 865 vir
992 833 1043 865 dei
1074 837 1185 873 ageret
1215 834 1247 864 in
1270 833 1472 874 pontificatu,
1508 833 1613 864 statim
1638 834 1736 865 altero

123 885 174 917 die
205 885 345 926 paschae
375 894 444 916 cum
476 884 591 916 fratres
614 884 762 916 Sesciaco
793 884 923 916 visitare
952 888 1080 926 cuperet
1102 885 1134 915 in
1157 885 1371 916 infirmitatem
1395 884 1506 916 inruit:
1542 885 1661 925 pariter
1683 895 1741 916 au—

123 940 187 968 tem
219 939 347 968 sanctus
377 936 516 968 Scubilio
546 936 579 967 in
607 935 825 968 Maudanense
855 936 1046 968 monasterio
1076 936 1109 967 in
1138 936 1318 968 infirmitate
1346 935 1467 967 incidit.
1522 936 1671 976 Dirigunt
1700 937 1741 968 ad

123 997 157 1020 se
187 988 339 1027 invicem,
376 991 410 1019 ut
439 987 624 1029 priusquam
657 987 696 1019 de
727 988 856 1019 saeculo
889 987 1090 1019 discederent
1121 997 1154 1019 se
1185 988 1340 1019 viderent.
1393 988 1452 1027 (51)
1481 988 1570 1018 Tunc
1593 987 1681 1018 missi
1706 998 1740 1019 se

122 1039 287 1071 obviantes
310 1040 439 1071 beatum
463 1039 677 1071 scubilionem
700 1039 733 1070 in
756 1039 868 1071 itinere
893 1042 1106 1078 commovent,
1138 1043 1173 1071 ut
1195 1039 1286 1070 fratri
1309 1042 1501 1077 occurreret,
1530 1038 1587 1070 sed
1610 1039 1739 1070 brachio

122 1091 218 1123 maris
250 1091 395 1132 opposito
425 1101 487 1122 non
517 1091 618 1123 valuit
648 1094 797 1122 nocturno
829 1094 970 1132 tempore
1000 1091 1219 1122 transfretare.
1284 1091 1342 1131 (52)
1377 1090 1526 1121 Attamen
1557 1100 1626 1121 cum
1657 1101 1676 1121 a
1707 1100 1740 1122 sc

123 1143 225 1175 sancti
247 1142 313 1174 fere
337 1143 399 1174 tria
421 1142 510 1174 milia
534 1142 638 1183 spatia
660 1143 865 1181 interessent,
893 1142 1005 1174 cadem
1029 1146 1121 1174 nocte
1145 1142 1262 1183 pariter
1284 1142 1397 1174 beatus
1414 1142 1567 1173 Paternus
1586 1152 1649 1173 una
1671 1152 1739 1173 cum

123 1197 231 1226 sancto
261 1194 358 1226 fratre
382 1204 439 1225 suo
463 1194 601 1234 glorioso
625 1194 804 1235 proposito,
838 1194 936 1225 nobili
959 1194 991 1225 in
1015 1194 1188 1235 triumpho,
1225 1194 1311 1226 felici
1335 1193 1449 1225 viatico
1472 1203 1543 1224 eum
1567 1193 1660 1224 choro
1683 1203 1741 1224 an-

123 1246 225 1287 gelico
248 1246 280 1277 in
303 1245 434 1277 caelesti
458 1249 569 1277 senatu
593 1245 633 1277 de
656 1245 789 1277 terrenis
812 1246 883 1287 pias
907 1246 1031 1277 animas
1056 1246 1228 1277 emiserunt
1252 1245 1294 1276 ad
1318 1244 1489 1276 Christum,

214 1299 275 1337 (53)
301 1298 401 1336 Quem
425 1298 526 1329 Lauto
549 1298 735 1339 episcopus,
769 1298 821 1338 qui
845 1297 963 1329 ibidem
988 1301 1061 1329 ante
1085 1297 1153 1328 dies
1177 1300 1245 1328 octo
1269 1296 1310 1328 ad
1333 1295 1525 1327 visitandum
1549 1296 1732 1335 advenerat,

122 1360 192 1381 cum
227 1349 269 1380 ad
298 1349 465 1381 basilicam
495 1349 642 1381 Sesciaco
672 1349 799 1380 beatum
829 1350 997 1380 Paternum
1027 1348 1199 1380 deduceret
1228 1347 1405 1389 inpendens
1436 1348 1621 1388 exsequias,
1660 1347 1736 1379 item

124 1401 290 1432 Lascivius
314 1401 482 1442 episcopus
507 1404 652 1432 sanctum
675 1400 890 1432 Scubilionem
913 1400 954 1431 ad
977 1400 1144 1431 basilicam
1168 1400 1272 1441 ipsam
1297 1399 1484 1437 deduceret,
1518 1399 1641 1439 utrique
1665 1410 1740 1430 con-

123 1453 247 1484 cinente
270 1453 364 1484 choro
388 1452 595 1493 psallentium
618 1452 651 1483 in
675 1462 771 1483 unum
794 1452 973 1483 nescientes
996 1451 1160 1493 pontifices
1184 1454 1398 1483 convenerunt
1420 1454 1451 1482 et
1476 1450 1667 1481 sanctissimi
1684 1450 1741 1481 viri

123 1500 273 1535 oiationis
296 1504 399 1535 locum
423 1514 517 1544 quem
541 1503 789 1535 aedificaverant
812 1504 931 1545 pariter
954 1503 1066 1535 eadem
1091 1503 1142 1534 die
1166 1505 1400 1544 occupaverunt
1416 1502 1502 1533 felici
1520 1502 1577 1532 sub
1593 1501 1736 1539 transitu,

124 1559 158 1587 ut
180 1565 238 1587 nec
261 1556 369 1587 mortis
393 1565 485 1587 casus
509 1555 666 1587 divideret
689 1564 767 1595 quos
791 1564 916 1596 semper
934 1565 1003 1586 ,una
1025 1555 1091 1586 vita
1115 1554 1291 1585 coniunxit:
1321 1564 1357 1585 ae
1382 1554 1475 1585 simul
1501 1564 1561 1584 uno
1585 1555 1741 1583 momento

125 1617 195 1638 cum
225 1607 325 1639 altero
356 1607 438 1638 alter
470 1607 614 1648 sepultus
644 1610 709 1647 est,
746 1617 815 1638 011111
847 1610 877 1638 et
907 1607 939 1637 in
969 1606 1224 1647 peregrinatione
1253 1606 1388 1637 alterum
1418 1605 1499 1636 alter
1531 1607 1657 1636 secutus
1680 1607 1739 1635 est.

129 1659 189 1699 (54)
218 1658 270 1690 Sic
301 1659 492 1700 redemptori
519 1662 625 1690 nostro
649 1658 782 1690 amatori
806 1658 899 1689 unico
923 1658 1016 1689 electi
1040 1657 1079 1689 de
1104 1658 1231 1689 saeculo
1255 1657 1374 1688 meritis
1398 1656 1544 1688 felicibus
1568 1655 1743 1695 aequaliter

124 1713 325 1742 occurrerunt
354 1710 508 1742 miracula
537 1710 692 1742 facientes
723 1713 795 1751 post
824 1710 960 1750 obitum,
994 1709 1048 1750 qui
1078 1709 1182 1741 beatis
1214 1708 1363 1749 operibus
1396 1708 1504 1740 vivunt
1527 1707 1648 1747 integre
1672 1710 1743 1747 post

125 1762 341 1802 sepulchrum.

214 1918 223 1941 1
245 1919 374 1941 leuciauus
394 1921 418 1940 et
437 1919 495 1941 beor
515 1917 602 1940 Sarius
706 1916 721 1940 2
741 1915 895 1949 tractauerit]
915 1917 936 1939 P
952 1924 1006 1940 cum
1021 1916 1084 1939 Mal).
1102 1918 1125 1945 1,
1147 1917 1253 1938 tacuerit
1274 1915 1337 1939 Mab.
1355 1916 1379 1944 ⁶2,
1401 1922 1449 1937 non
1469 1915 1637 1944 propalauerit
1658 1914 1742 1937 Boll.:

125 1961 158 1991 cf.
176 1962 277 1985 Fortun.
299 1962 325 1985 V.
342 1961 375 1985 M.
392 1962 429 1989 ΙΙ,
445 1961 494 1985 305
508 1963 597 1983 tractat
610 1967 691 1990 neque
707 1961 781 1983 uerba
795 1960 890 1983 relaxat
984 1960 997 1982 5
1017 1957 1080 1990 erat]
1100 1960 1180 1982 fuerat
1194 1959 1256 1981 Bell.
1359 1958 1372 1980 7
1393 1958 1526 1981 utilitatem
1540 1958 1561 1979 P
1654 1957 1668 1980 9
1688 1960 1744 1979 teu-

126 2003 234 2036 deciaeo]
250 2004 277 2033 P,
299 2004 444 2027 teudeciauo
458 2004 489 2032 R,
510 2004 665 2027 theodeciaco
686 2004 710 2032 Y,
730 2003 882 2027 theodisiaco
896 2003 995 2032 Sarius,
1017 2003 1151 2025 tendenaco
1166 2002 1243 2037 Bell„
1265 2001 1403 2024 reudetiaco
1417 2000 1481 2023 Mab.
1498 2003 1508 2023 1
1613 2000 1642 2023 10
1662 2001 1684 2023 ei
1705 1998 1744 2031 in]

126 2055 182 2071 cum
197 2047 262 2071 Mab.
279 2049 294 2070 2?
400 2047 427 2070 11
450 2048 517 2077 rupit
533 2047 596 2070 alab.
614 2048 628 2069 ι)
641 2049 662 2069 ει
675 2047 741 2070 Boll.
851 2046 880 2070 12
901 2054 942 2076 pro
956 2054 1003 2075 qua
1019 2046 1083 2069 Mal).
1101 2046 1123 2074 ⁵2,
1139 2052 1186 2074 quo
1199 2058 1232 2061 —-
1245 2045 1374 2067 inuocatus
1388 2051 1435 2066 om.
1447 2044 1511 2067 ΒΘΗ,
1621 2042 1650 2066 13
1670 2043 1744 2065 tertio

126 2091 221 2114 decimo
240 2089 315 2123 anno]
336 2091 356 2113 P
372 2098 426 2114 cum
441 2090 506 2113 Mala.
523 2093 533 2113 1
644 2090 673 2113 15
694 2090 813 2112 scubilius
834 2089 855 2111 P
958 2089 1124 2111 mand-‘mense
1145 2088 1208 2111 Mab.
1228 2089 1249 2116 l,
1270 2087 1432 2110 mandanensi
1452 2087 1516 2110 Bou.
1626 2086 1654 2109 16
1674 2086 1743 2107 missi

127 2133 165 2167 se]
184 2135 294 2158 inuicem
308 2134 365 2158 add.
384 2133 450 2157 Mab.
467 2134 482 2156 ἱ.)
581 2133 609 2156 17
629 2135 784 2156 commonent
798 2132 863 2156 Mal).
882 2134 904 2155 l.
922 2134 936 2155 9
1035 2131 1063 2155 18
1084 2132 1114 2154 ad
1129 2131 1150 2153 P
1244 2130 1276 2153 20
1296 2130 1432 2160 praeposito
1447 2129 1511 2152 Mab.
1528 2131 1543 2152 ἕ.)
1641 2128 1672 2152 24
1692 2129 1743 2150 11ῐί-

127 2184 175 2208 que
195 2177 260 2200 Malu.
278 2180 302 2208 1,
322 2180 428 2207 utroque
449 2177 514 2199 Mab.
530 2178 545 2199 z?
656 2176 687 2200 25
707 2179 731 2199 et
750 2178 887 2199 sanctorum
907 2182 1004 2205 corpora
1023 2175 1098 2197 simul
1118 2182 1172 2197 curn
1192 2174 1280 2203 gaudio
1299 2173 1463 2196 inhumatum
1483 2173 1503 2195 Z
1607 2171 1635 2195 31
1658 2172 1742 2201 sepul-

128 2218 226 2252 chrum]
246 2227 369 2243 Exrmcxr
388 2226 449 2242 v1TA
469 2221 506 2242 sex
526 2226 642 2242 PATEnm
660 2220 703 2241 151
722 2226 754 2241 13⁹1·
773 2218 804 2242 ci3
822 2218 878 2242 add.
902 2218 923 2240 P

1760 630 1850 660 XVII

1760 835 1867 866 XVIII

1762 1297 1840 1328 XIX
