2038 3036
53 689 79 708 lo

51 945 78 964 15

48 1200 76 1220 20

47 1457 76 1478 25

47 1716 75 1735 30

47 1973 76 1992 35

718 122 810 148 VITA
832 122 965 149 SANCTI
987 123 1139 151 HILARII.
1700 130 1718 159 3

103 213 236 253 Vrsatio,
264 213 318 253 qui
342 223 443 254 prava
466 213 655 245 credulitate
679 216 847 246 ecclesiam
872 217 922 248 dei
946 218 1073 249 turbare
1092 219 1295 259 pertinaciter
1311 220 1510 259 insistebant,
1536 220 1718 261 imperatori

102 274 287 306 persuasum
311 269 373 303 est,
401 268 435 296 ut
458 264 558 295 virum
583 265 830 297 eruditissimum
855 267 894 298 de
917 278 978 307 quo
1002 269 1159 309 loquimur
1182 273 1213 301 et
1236 270 1423 311 Dionysium
1447 271 1717 303 Mediolanensem

101 320 132 348 et
153 316 326 347 Eusebium
350 316 587 347 Vercellensem
611 316 705 347 exilio
730 317 966 350 condemnaret.
1011 320 1097 351 Nihil
1122 321 1204 352 enim
1228 325 1350 362 poterat
1372 326 1445 354 ante
1469 323 1718 363 insuperabilem

101 368 201 399 sancti
218 367 331 398 Hilarii
348 367 528 398 facundiam
545 366 724 398 haereticus
742 368 894 400 obtinere.
949 378 953 407 r¹
964 373 969 399 1
980 372 1008 409 o)
1030 371 1168 411 Spei-ans
1185 372 1285 403 hostis
1302 373 1376 404 fidei
1393 374 1517 414 aliquas
1535 384 1568 405 se
1585 374 1718 405 nebulas

101 419 262 460 splendori
286 418 440 450 catholico
463 428 557 459 posse
580 419 800 459 praetendere,
829 420 854 450 si
879 424 1018 452 retrusus
1042 422 1138 453 exilio
1162 423 1235 453 talis
1260 424 1307 454 vir
1323 435 1342 455 a
1359 425 1528 455 certamine
1546 425 1713 456 defuisset:

99 471 265 511 quoniam,
300 473 334 501 ut
363 470 481 501 dictum
512 473 577 507 est,
610 470 681 509 quis
704 480 872 510 perversus
896 472 996 503 voluit
1019 473 1187 513 confligere
1212 484 1249 505 ac
1273 475 1299 505 si
1322 479 1427 506 mutus
1451 480 1481 507 et
1505 476 1637 507 claudus
1662 486 1719 507 nec

99 522 195 553 verba
226 525 349 563 poterat
379 521 517 562 proferre
549 530 607 552 nec
638 531 779 559 currere,
819 522 875 553 scd
906 523 996 562 quasi
1026 528 1139 555 natans
1169 525 1200 555 in
1231 526 1357 566 pelagis
1389 530 1461 557 ante
1492 526 1619 558 fluctum
1651 527 1718 558 cius

99 573 298 613 eloquentiae
321 572 534 612 mergebatur.
588 573 648 612 (17)
676 572 787 612 Itaque
812 573 843 603 in
867 574 978 613 Frigia
1000 574 1096 606 Asiae
1120 576 1248 615 regione
1273 577 1388 607 missus
1413 578 1507 609 exilio
1531 578 1571 609 ad
1595 578 1718 609 virtutis

99 628 303 664 augmentum
326 624 447 664 gratias
470 623 552 663 egit,
589 623 664 663 quia
687 627 837 663 quantum
862 635 917 665 pro
941 626 1067 656 nomine
1092 626 1208 657 Christi
1232 627 1357 667 longius
1381 628 1566 660 discedebat
1589 629 1627 660 de
1652 630 1718 660 solo

99 676 224 717 proprio
255 678 377 706 tantum
406 675 586 706 merebatur
615 674 683 705 fieri
715 675 847 706 vicinior
878 676 977 707 caclo.
1025 677 1085 714 Qui
1116 677 1190 708 dum
1218 678 1260 709 ad
1283 679 1387 710 locum
1410 680 1606 720 pervenisset
1628 684 1718 721 opta—

98 728 205 765 bilem,
233 727 324 758 nobis
349 726 518 757 tacendum
542 735 605 756 non
623 729 671 756 est
687 726 772 765 qnod
789 726 836 757 illi
853 737 1037 758 concessum
1056 732 1113 759 est.
1167 730 1226 769 (IS)
1254 730 1337 760 Nam
1354 734 1385 761 et
1401 741 1437 761 eo
1453 734 1593 771 tempore
1611 735 1718 762 sancto

99 778 159 809 sibi
189 778 300 819 spiritu
332 778 494 809 revelante
518 777 682 817 cognovit,
718 788 755 808 eo
779 778 863 817 quod
886 779 1104 810 beatissimam
1127 780 1245 810 Abram
1269 781 1367 811 filiam
1391 791 1494 820 suam,
1531 792 1625 821 quam
1649 792 1718 813 cum

98 833 198 861 matre
222 829 360 861 Pictavis
384 829 566 869 reliquerat,
597 828 726 868 quidam
750 829 874 860 iuvenis
898 830 1114 861 nobilissimus
1138 831 1306 871 praedives
1329 832 1558 872 pulcherrimus
1583 833 1719 872 coniugii

98 881 224 912 vinculo
253 881 313 912 sibi
337 883 503 921 quaereret
526 880 769 911 annectendam.
819 880 881 911 Sed
904 881 973 921 ipse
997 881 1177 913 interventu
1202 883 1351 913 orationis
1375 883 1525 914 assiduae
1549 884 1718 915 caelestem

98 933 145 964 illi
170 942 319 974 sponsum
344 932 412 963 sine
436 931 702 963 contaminatione
727 931 919 972 providerat.
973 933 1032 971 (192
1061 933 1132 964 Mox
1157 934 1368 974 oportunitate
1392 939 1517 974 reperta
1534 945 1628 966 manu
1646 945 1718 975 pro-

98 984 167 1025 pria
197 983 407 1024 subscriptam
438 983 523 1014 filiae
548 982 662 1014 direxit
685 983 871 1023 epistolam,
909 983 1080 1015 sufficienti
1105 985 1171 1015 sale
1196 985 1353 1016 conditam
1378 989 1408 1017 et
1430 986 1518 1017 velut
1540 986 1719 1017 a1·‹1›111aticis

98 1035 268 1076 unguentis
292 1035 440 1073 infusam,
469 1044 552 1074 quae
575 1037 699 1065 tenetur
716 1034 854 1065 Pictavis
879 1045 934 1075 pro
959 1045 1088 1066 munere
1113 1040 1311 1068 conservata:
1341 1037 1486 1068 indicans
1509 1037 1548 1077 ei,
1576 1048 1612 1068 co
1636 1038 1719 1077 quod

97 1088 193 1119 talem
217 1096 367 1128 sponsum
391 1089 482 1127 pater
505 1085 619 1117 anxius
643 1086 850 1127 providisset,
879 1086 968 1117 cuius
992 1087 1141 1118 nobilitas
1165 1088 1271 1119 caelos
1295 1088 1490 1125 ascenderet,
1519 1089 1719 1129 pulchritudo

97 1148 240 1170 rosarum
264 1142 295 1169 et
318 1138 377 1169 lilii
402 1137 669 1179 comparationem
693 1137 910 1178 praecederet,
938 1139 1021 1169 oculi
1042 1149 1238 1178 gemmarum
1255 1140 1375 1170 lumina
1392 1140 1592 1179 luniinarent,
1619 1140 1718 1171 vestis

97 1189 264 1221 candorem
294 1189 377 1220 nivis
409 1189 614 1230 opprimeret,
641 1192 836 1220 ornamenta
865 1189 1093 1221 inaestimabili
1117 1190 1240 1230 fulgore
1264 1195 1448 1224 vernarent.
1484 1191 1613 1222 divitiae
1636 1191 1719 1222 intra

97 1250 130 1273 se
154 1251 253 1281 regna
276 1240 516 1281 concluderent,
545 1240 702 1281 sapientia
725 1241 1054 1281 incomprehcnsibilis
1079 1242 1240 1277 emineret,
1267 1242 1401 1273 dulcedo
1426 1242 1489 1273 favi
1513 1243 1609 1273 mella
1632 1246 1718 1283 post—

96 1295 236 1333 poneret,
264 1292 418 1333 pudicitia
440 1292 690 1323 incontaminata
713 1292 907 1333 persisteret,
936 1293 1012 1323 odor
1037 1293 1193 1324 suavitate
1216 1293 1379 1333 flagraret,
1407 1294 1547 1324 thesauri
1572 1294 1638 1324 sine
1662 1293 1719 1324 de-

96 1344 231 1375 fectione
255 1346 446 1375 constarent.
499 1345 559 1383 (20)
587 1343 720 1375 Addens
745 1354 819 1384 ergo
844 1344 979 1383 monitis,
1008 1348 1041 1375 ut
1065 1344 1131 1375 filia
1153 1345 1233 1375 nulli
1257 1354 1291 1376 se
1315 1345 1402 1385 prius
1424 1345 1507 1375 male
1524 1345 1628 1375 divisa
1644 1355 1718 1375 con—

95 1395 249 1436 iungeret,
278 1405 372 1435 quam
396 1398 430 1426 ut
452 1398 574 1436 patrem
599 1399 799 1436 exspectaret
822 1395 1025 1436 pollicentem
1050 1399 1081 1426 et
1105 1405 1254 1436 sponsum
1279 1396 1397 1437 pariter
1421 1406 1489 1427 cum
1510 1396 1717 1437 promissione

96 1450 274 1479 venturum.
322 1446 415 1484 Quod
437 1447 523 1477 Abra
554 1446 688 1477 dulciter
712 1447 874 1487 excipiens
899 1450 930 1478 et
953 1447 1045 1487 quasi
1069 1457 1219 1488 sponsum
1244 1447 1382 1479 futurum
1406 1447 1439 1478 in
1462 1447 1596 1488 epistola
1620 1447 1718 1487 patris

96 1499 309 1540 complectens
332 1498 578 1530 admonitionem
603 1502 712 1529 secuta
736 1502 792 1537 est,
824 1498 903 1529 nulli
927 1498 959 1529 in
982 1498 1128 1539 coniugio
1152 1508 1186 1530 se
1210 1500 1382 1530 resolvens.
1432 1499 1496 1530 Sed
1519 1499 1654 1539 qualiter
1677 1498 1717 1529 ad

94 1550 185 1582 illum
210 1560 360 1591 sponsum
384 1550 573 1591 pervenerit,
600 1550 688 1581 locus
711 1550 743 1580 in
768 1550 911 1590 sequenti
937 1554 1090 1581 servatur.

187 1602 246 1642 (21)
274 1597 400 1633 Interea
423 1612 493 1633 cum
516 1605 581 1633 toto
597 1602 671 1633 orbe
688 1602 842 1633 Arrianae
859 1602 1002 1632 haeresis
1019 1601 1211 1642 perversitas
1228 1602 1410 1642 pullularet,
1438 1601 1511 1632 dato
1528 1601 1718 1641 generaliter

94 1653 294 1694 imperatoris
330 1653 449 1692 edicto,
488 1656 522 1684 ut
553 1663 661 1684 omnes
692 1653 862 1684 orientales
895 1652 1036 1694 episcopi
1066 1653 1154 1694 apud
1184 1652 1363 1684 Seleuciam
1393 1653 1537 1683 Isauriae
1567 1652 1716 1693 oppidum

95 1704 300 1736 convenirent
329 1704 550 1745 disceptaturi,
586 1705 662 1745 quid
693 1705 846 1736 sentirent
877 1704 916 1736 dc
947 1704 1022 1735 fidei
1053 1705 1203 1742 veritate,
1237 1708 1310 1736 tunc
1341 1705 1423 1735 inter
1445 1704 1583 1744 reliquos
1607 1706 1717 1743 quarto

94 1756 157 1787 iam
182 1756 270 1787 exilii
293 1766 375 1787 anno
400 1756 439 1787 de
455 1756 565 1796 Frigia
589 1760 717 1787 sanctus
734 1756 876 1787 Hilarius
900 1756 932 1786 111
956 1756 1118 1796 praedicto
1142 1756 1209 1787 loco
1234 1756 1309 1787 data
1326 1756 1486 1787 evectione
1503 1755 1545 1786 ad
1561 1755 1715 1795 synodum

95 1808 202 1839 venire
233 1807 442 1848 compellitur.
494 1809 553 1847 (22)
583 1807 645 1845 Qui
668 1807 827 1848 quoddam
853 1807 1018 1838 castellum
1043 1807 1116 1838 dum
1141 1807 1272 1847 adisset,
1300 1807 1351 1838 die
1375 1806 1531 1837 dominico
1555 1806 1717 1845 ingressus

96 1863 144 1891 est
166 1860 336 1900 templum:
361 1869 434 1890 mox
451 1859 613 1890 Florentia
635 1859 743 1899 puella
767 1858 896 1899 gentilis
920 1858 1104 1899 inrumpens
1128 1858 1363 1890 multitudinem
1382 1858 1492 1899 populi
1508 1867 1583 1888 voce
1600 1867 1717 1897 magna

96 1921 222 1942 servum
246 1910 298 1941 dei
322 1910 492 1942 advenisse
516 1913 633 1941 testata
656 1914 705 1941 est
728 1913 758 1941 et
782 1910 823 1940 ad
847 1909 945 1950 pedes
970 1910 1038 1940 eius
1062 1919 1228 1941 occurrens
1252 1919 1314 1940 non
1338 1909 1475 1940 cessavit
1498 1913 1623 1949 petere,
1655 1908 1715 1939 nisi

97 1962 221 2003 signum
238 1962 339 1993 crucis
356 1962 395 1993 ab
412 1962 481 2003 ipso
498 1961 561 1993 sibi
577 1961 646 1993 fieri
663 1961 799 1993 fideliter
815 1962 1028 2002 impetrasset.
1081 1962 1142 2001 (23)
1170 1961 1271 1998 Quam
1288 1961 1466 1991 Florentius
1485 1964 1574 2001 pater
1590 1963 1716 1990 secutus

97 2085 162 2114 scopi
181 2084 284 2113 relegati
303 2097 336 2100 -
354 2097 387 2099 —
406 2097 440 2099 —
459 2084 502 2106 sed
522 2083 614 2106 Valens
635 2086 659 2106 et
678 2084 793 2106 Vrsatius
814 2097 845 2099 —
866 2097 897 2099 —
917 2084 981 2105 intra
1001 2084 1121 2113 palatium
1141 2085 1327 2111 congregantur.
1370 2083 1401 2111 (fl)
1424 2082 1568 2110 Dionysius,
1590 2082 1648 2110 quia
1668 2088 1714 2103 1ιο11

97 2130 161 2150 esset
181 2134 306 2155 assensus,
329 2127 388 2149 urbe
408 2127 509 2157 pellitur
528 2140 561 2143 -
580 2140 613 2142 —
633 2127 747 2148 Liberius
767 2133 864 2155 quoque
885 2127 953 2148 urbis
969 2126 1057 2148 Romae
1075 2129 1099 2148 et
1113 2126 1224 2148 Hilarius
1237 2125 1392 2147 pictavorum
1407 2125 1513 2154 episcopi
1528 2124 1617 2146 dantur
1630 2124 1712 2146 exilio.

182 2169 196 2193 S
216 2169 308 2198 sulpic.
331 2170 365 2198 II,
388 2171 429 2198 42),
452 2170 467 2192 2
486 2170 596 2192 Hilarius
617 2172 733 2198 quartum
752 2169 799 2191 iam
820 2169 889 2191 exilii
909 2176 1003 2191 annum
1024 2170 1050 2191 111
1070 2169 1174 2197 Phrygia
1193 2175 1277 2196 agens.
1666 2166 1671 2170 ”

183 2212 214 2235 28
233 2213 327 2242 Sulpic.
350 2213 403 2235 Seu.
431 2213 454 2236 V.
479 2212 552 2235 Mart.
573 2214 596 2242 6,
620 2215 634 2234 4
662 2212 757 2234 Dehinc
783 2219 838 2234 cum
862 2212 969 2234 haeresis
990 2212 1095 2234 Aurana
1120 2218 1163 2241 per
1183 2215 1260 2234 totum
1281 2212 1363 2233 orbem
1383 2213 1408 2233 et
1427 2211 1533 2232 maxime
1552 2210 1615 2231 intra
1634 2209 1715 2237 Illyri-

98 2263 152 2279 cum
188 2256 326 2279 ullulasset.

171 2262 282 2322 Ρ29--32
302 2298 393 2328 Salpia.
417 2298 472 2322 Sev.
496 2298 582 2322 chron.
606 2299 641 2327 II,
664 2299 705 2327 42,
727 2300 742 2326 ,ξ
763 2300 786 2321 1.
809 2299 824 2320 2
853 2298 956 2320 Interim
978 2298 1003 2320 in
1023 2298 1126 2320 Oriente
1146 2297 1258 2326 exemplo
1277 2296 1474 2319 Occidentalium
1495 2297 1626 2324 imperator
1644 2294 1715 2316 iubet

96 2344 196 2364 cunctos
221 2342 271 2364 fere
295 2342 421 2371 episcopos
447 2342 512 2372 apud
533 2341 670 2364 Seleuciam
690 2342 800 2364 Isauriae
819 2341 935 2370 oppidum
956 2341 1104 2369 congregari.
1145 2347 1193 2369 qua
1212 2342 1359 2368 tempestate
1379 2339 1503 2367 Hilarius,
1532 2340 1647 2367 quartum
1667 2337 1713 2358 iam

96 2385 165 2407 exilii
183 2392 275 2408 annum
295 2385 321 2407 in
340 2385 446 2413 Phrygia
465 2392 547 2414 agens,
574 2385 640 2407 inter
658 2385 767 2414 reliquos
787 2385 922 2414 episcopos,
944 2391 987 2413 per
1006 2384 1124 2406 vicarium
1143 2390 1169 2405 ae
1188 2383 1326 2412 praesidem
1346 2383 1400 2404 data
1420 2381 1554 2403 evectionis
1573 2381 1648 2409 copia,
1671 2380 1713 2402 ad-

97 2434 150 2450 esse
169 2428 336 2457 compellitur.

182 2548 192 2571 1
215 2548 309 2570 ursacio
328 2546 379 2575 fere
403 2547 443 2569 VA
566 2547 713 2569 crudelitate
736 2547 775 2568 ΓΑ
898 2547 912 2569 (j
932 2544 1000 2577 quis]
1021 2534 1039 2553 ⁵³
1059 2545 1116 2574 quis
1136 2545 1189 2573 GA,
1213 2544 1325 2573 quisquis
1349 2544 1368 2565 V
1487 2540 1577 2573 uoluit]
1596 2549 1651 2564 cum
1671 2542 1713 2564 illo

96 2589 153 2613 add.
172 2590 213 2613 VA
338 2589 367 2613 12
387 2597 470 2619 aptam
489 2590 539 2619 VA,
560 2590 594 2618 cf.
617 2591 683 2619 infra
701 2597 727 2618 p.
749 2591 774 2618 (1⁴,
796 2591 812 2612 l.
835 2592 865 2613 15
994 2588 1022 2611 lu
1043 2585 1220 2618 subscriptam]
1241 2594 1299 2609 suae
1319 2587 1434 2616 scriptam
1459 2585 1483 2614 V,
1505 2592 1565 2607 suae
1586 2586 1601 2606 i'.
1624 2591 1670 2607 scr.
1692 2585 1713 2606 A

99 2632 128 2656 19
147 2633 242 2656 lumine
260 2633 384 2656 radiarent
403 2633 433 2661 A,
455 2633 539 2655 lumen
559 2633 732 2656 obnubilarent
749 2634 813 2661 vuly.
945 2632 973 2654 21
997 2634 1121 2653 emanaret
1145 2631 1184 2653 ΓΑ
1312 2629 1342 2652 23
1363 2626 1430 2659 ergo]
1449 2636 1495 2651 orn.
1518 2628 1543 2657 l',
1564 2628 1637 2649 etiam
1658 2628 1679 2649 A

97 2677 159 2698 mala
181 2676 206 2705 V,
227 2683 274 2699 om.
292 2677 313 2698 A
427 2675 458 2699 24
478 2676 615 2705 pollicitum
640 2676 680 2698 ΓΑ
798 2675 829 2698 26
849 2676 1000 2704 amplectens
1024 2675 1064 2697 Vel
1169 2674 1311 2701 coniugium
1336 2672 1374 2694 VA
1492 2670 1519 2694 31
1543 2670 1655 2692 net-tione
1677 2671 1712 2691 (θ.-

97 2719 153 2741 data
171 2719 308 2741 euectionis
328 2719 396 2748 eopia
415 2719 505 2747 Salpia.
529 2719 583 2742 Sev.
609 2718 695 2742 chron.
718 2719 754 2747 II,
778 2719 819 2742 42.
839 2720 854 2740 3
960 2718 991 2740 32
1011 2718 1113 2747 quodam
1134 2717 1235 2738 castello
1255 2716 1312 2737 dum
1333 2715 1429 2737 adesset
1452 2714 1490 2735 VA
1597 2712 1628 2735 35
1649 2710 1713 2743 fleri]

97 2768 144 2783 om.
168 2762 207 2783 ΓΑ

1473 2805 1507 2829 ¹*

1742 682 1784 712 VI

1742 1604 1799 1634 VII
