2038 3036
190 440 291 470 LXXI

171 901 286 931 LXXII

151 1725 287 1756 LXXIII

156 2035 287 2066 LXXIV

174 2241 289 2272 LXXV

318 144 356 173 2ss
921 139 1089 165 VENANTI
1110 138 1326 165 FORTVNATI

317 242 346 267 et
371 236 511 267 crimina.
544 235 688 275 suspensi
715 244 769 275 per
792 244 866 264 acra
891 233 1071 272 frequenter
1095 242 1152 263 nec
1176 232 1360 272 interrogati
1385 232 1616 264 contitebantur
1639 237 1671 265 et
1693 233 1836 270 nomina,
1865 244 1935 266 eum

317 298 414 328 saep.»
450 298 504 317 suo
539 286 665 326 inpulsu
701 285 867 316 currebant
901 284 941 315 ad
978 287 1121 314 sanctum
1157 284 1257 314 virum
1293 284 1466 315 crucianda
1496 284 1674 316 daemonia.
1730 286 1810 325 (185)
1839 285 1937 318 Cuius

318 339 458 369 minister
487 348 548 376 ‹pn-
581 337 646 366 loco
677 336 776 366 sam-ti
809 335 959 374 tangebat
984 335 1114 368 baculo.
1149 334 1215 366 illie
1238 335 1457 374 inerguminns
1482 335 1642 376 pendebat
1667 336 1819 377 religatus
1842 347 1936 369 aereo

316 389 440 419 iim-ulo
464 394 493 418 et
517 387 606 427 qnasi
631 387 731 417 clavis
755 386 860 417 adtixo
884 386 1050 417 tenebatur
1073 386 1219 426 vestigio.

420 442 475 468 1κ9
516 439 550 469 Et
575 438 648 478 «pria
673 442 780 468 sancto
806 438 872 468 viro
896 448 992 478 saepe
1017 437 1135 468 inimici
1160 437 1371 469 tendebantur
1394 438 1541 476 insidiae,
1569 442 1603 470 ut
1620 442 1675 470 aut
1691 449 1791 480 equus
1809 439 1933 481 lapsum
1955 448 1968 467 s

317 491 487 520 incurreret
512 489 559 519 rel
586 499 691 519 ramus
715 489 837 519 arboris
861 493 1008 528 tangeret
1031 492 1085 519 aut
1109 498 1193 528 aqua
1218 489 1312 520 vallis
1336 489 1386 520 vel
1412 490 1535 530 glacies
1559 490 1732 531 periculum
1755 495 1931 535 generaret,

315 552 383 571 mox
416 541 467 579 qui
499 545 552 570 aut
582 540 690 579 «planti
723 545 775 571 aut
806 540 942 579 qualiter
972 544 1070 571 totum
1096 540 1287 580 inergumini
1311 551 1330 572 a
1354 552 1388 572 sc
1414 541 1531 573 factum
1555 552 1679 573 omnem
1704 542 1938 574 confitebantur

314 598 343 623 ct
375 602 549 623 muncrum.
620 594 685 630 1211»,
714 594 791 622 t'um
825 602 898 622 vcro
927 591 1038 632 pedem
1064 592 1191 623 ctl'crrct
1215 591 1254 623 de
1279 592 1371 623 dorno
1396 593 1445 624 vcl
1471 593 1625 631 ccclesia,
1663 593 1788 625 rideres
1812 598 1937 634 strages

313 644 500 674 ‹lacnwnum
540 647 612 674 ante
652 643 730 674 tanti
770 642 925 683 pontilicis
959 654 996 674 ac
1031 643 1270 684 triumphatoris
1305 644 1457 675 obtutum.
1517 644 1684 676 Cadebant
1718 645 1801 676 cirea
1834 645 1936 677 saneti

312 694 495 725 ‹·at‹·1·vati111
526 694 659 733 vestigia
690 694 825 725 diversis
855 694 956 725 modis
987 695 1105 733 effusa,
1141 695 1220 726 haec
1251 699 1337 726 muta
1367 695 1425 726 illa
1454 695 1641 728 clamantia.
1674 696 1731 728 illa
1762 696 1825 728 fixa
1855 697 1934 729 haec
1956 705 1983 725 1⁰

314 747 449 778 lubrica.
484 751 514 777 ct
546 746 632 776 velut
661 745 701 776 ad
734 745 870 776 indicem
903 745 976 777 dum
1002 750 1093 786 gesta
1118 746 1271 778 referrent
1295 747 1438 788 propria,
1474 757 1535 778 non
1559 748 1745 787 effugebant
1767 752 1933 780 tormenta.

332 800 381 828 191
427 797 490 829 ¹<ed
521 798 561 829 ad
593 797 692 828 sancti
722 797 925 838 praeconium
950 801 1069 837 quanta
1093 801 1141 829 est
1164 797 1243 830 hace
1268 798 1424 838 laudatio,
1461 809 1531 830 eum
1555 799 1759 831 ineffabiliter
1782 799 1883 831 multa
1905 802 1938 831 et

312 850 524 891 stupescenda
549 849 659 880 tierent
683 849 740 880 sub
765 853 949 880 momento?

419 903 474 931 192
521 903 667 932 Ceterum
699 901 913 941 elecmosynis
944 905 1095 941 quantum
1128 901 1223 933 fuerit
1254 901 1425 942 prodigus.
1460 901 1612 942 explicari
1642 912 1703 933 non
1734 902 1850 943 poterit
1879 912 1937 934 nec

312 953 337 983 si
369 953 462 984 totius
494 952 603 993 populi
629 962 688 983 vox
713 952 744 982 in
769 962 830 983 uno
854 962 888 983 se
912 953 1059 992 glutinet.
1108 953 1169 991 Qui
1194 953 1378 993 frequenter
1401 957 1566 985 contentus
1591 964 1653 985 una
1676 954 1786 985 casula
1809 954 1859 986 vel
1883 958 1935 986 tu—
1957 963 1985 983 ¹⁵

312 1004 380 1035 nica
412 1003 565 1044 quidquid
597 1007 664 1034 crat
695 1003 813 1035 residui
845 1003 963 1035 nudum
996 1014 1170 1045 pauperem
1202 1005 1376 1043 vestiebat,
1413 1008 1447 1036 ut
1477 1005 1569 1046 inops
1599 1005 1761 1037 calefieret
1785 1006 1935 1046 largitore

311 1056 448 1095 algente.
516 1058 572 1085 19ἰί
613 1056 738 1092 Quanta
768 1055 863 1086 etiam
896 1056 990 1087 fuerit
1022 1055 1247 1097 redemptionis
1275 1057 1404 1095 effusio,
1441 1057 1624 1089 nullatenus
1650 1057 1862 1098 explicabitur
1884 1057 1935 1089 vel

312 1107 377 1137 loco
408 1107 456 1138 vel
489 1116 629 1137 numero.
678 1106 767 1137 Vnde
799 1111 872 1138 sunt
902 1107 1071 1147 contiguae
1100 1111 1214 1148 gentes
1243 1108 1275 1139 iu
1306 1108 1541 1148 testimonium,
1579 1109 1758 1150 Hispanus,
1795 1111 1932 1146 Scottus,

315 1158 424 1192 britto„
453 1158 580 1191 Waseo,
610 1158 704 1196 Saxo,
733 1158 930 1198 Burgundio.
958 1169 1028 1190 cum
1053 1159 1095 1191 ad
1118 1170 1232 1191 nomen
1256 1160 1343 1191 beati
1367 1164 1590 1192 concurrerent
1614 1160 1754 1200 undique
1778 1160 1934 1192 liberandi

311 1210 383 1249 iugo
407 1210 536 1241 servitii.
590 1212 669 1250 mil*
700 1211 777 1242 Cum
803 1220 877 1241 vero
900 1210 1103 1251 aliquatenus
1127 1211 1208 1242 nibil
1233 1215 1318 1243 esset
1342 1222 1418 1252 prae
1443 1212 1606 1249 manibus,
1639 1212 1737 1243 tristis
1761 1212 1878 1244 sedens
1901 1216 1934 1244 et
1952 1220 1981 1241 ²⁰

310 1261 441 1292 anxius.
477 1261 616 1292 severior
639 1262 670 1293 in
696 1262 799 1293 vultu.
828 1266 974 1293 austerus
999 1266 1066 1294 erat
1089 1263 1240 1303 alloquio.
1289 1264 1378 1294 Tunc
1403 1263 1430 1295 si
1454 1263 1600 1295 fortassis
1626 1263 1666 1295 ab
1690 1263 1796 1304 aliquo
1820 1263 1936 1295 invita-

311 1317 395 1343 retur
418 1312 458 1343 ad
483 1313 663 1353 prandium,
692 1314 894 1354 conpellebat
917 1314 1070 1345 convivas
1094 1318 1149 1346 aut
1171 1314 1333 1346 ministros
1358 1315 1512 1356 proprios,
1541 1318 1575 1346 ut
1598 1314 1797 1347 conferentes
1818 1315 1936 1356 pariter

312 1363 393 1395 unde
425 1364 473 1395 vel
499 1374 593 1396 unum
619 1365 777 1406 captivum
802 1365 930 1397 servitio
955 1366 1143 1398 liberarent.
1181 1370 1212 1398 et
1235 1366 1282 1397 sic
1305 1366 1540 1407 aliquantulum
1564 1366 1741 1398 sacerdotis
1764 1366 1936 1408 respiraret

309 1415 433 1446 animus
463 1426 500 1447 ex
532 1426 685 1448 maerore.
738 1418 817 1457 <1951
849 1417 941 1455 Quod
972 1418 998 1449 si
1023 1417 1169 1450 dominus
1193 1417 1315 1458 aliquid
1339 1428 1396 1459 per
1419 1428 1532 1450 manus
1557 1418 1658 1449 saneti
1682 1418 1933 1459 dispensandum

310 1467 457 1498 alicunde
482 1468 649 1507 dirigeret.
678 1479 749 1499 mox
774 1468 806 1499 in
831 1469 944 1510 spiritu
969 1469 1162 1510 praevidens
1187 1469 1300 1501 solitus
1324 1473 1392 1501 erat
1415 1470 1539 1501 dicere:
1574 1469 1703 1501 Gratias
1727 1479 1860 1510 agamus
1883 1469 1933 1501 di-
1953 1477 1982 1498 25

312 1519 402 1550 vinae
428 1520 624 1559 clementiae,
653 1530 726 1551 nam
750 1520 835 1551 unde
858 1520 915 1552 fiat
938 1521 1114 1562 redemptio
1139 1521 1419 1563 adpropinquavit.
1461 1521 1617 1553 Continuo
1641 1521 1709 1552 sine
1726 1521 1934 1561 ambiguitate

311 1581 460 1611 praesens
491 1572 684 1612 probabatur
708 1572 853 1603 effeetus.
908 1574 991 1613 (196)
1020 1573 1111 1611 Quod
1135 1573 1209 1604 dum
1234 1573 1413 1614 accepisset
1435 1573 1467 1604 in
1491 1573 1657 1612 manibuS,
1691 1572 1831 1604 resoluta
1855 1583 1935 1614 ruga

310 1623 419 1653 frontis
450 1623 537 1654 vultu
570 1623 700 1655 tlorebat
731 1624 851 1659 senior,
887 1634 1000 1664 gressu
1031 1625 1184 1666 pergebat
1215 1624 1365 1663 alacrior,
1402 1625 1513 1665 lingua
1544 1623 1664 1656 fluebat
1687 1623 1867 1662 iocundior,
1901 1628 1935 1656 ut

310 1674 454 1705 crederes
478 1675 636 1705 hominem
662 1685 717 1716 pro
741 1675 936 1707 redimendis
961 1676 1034 1707 aliis
1058 1686 1092 1708 se
1116 1676 1222 1717 ipsum
1244 1676 1409 1713 ,servitutis
1433 1676 1560 1707 vinculo
1584 1675 1796 1708 liberandum.

402 1727 470 1765 (197
511 1726 589 1763 Quis
620 1737 695 1757 vero
727 1726 823 1766 digne
855 1731 994 1768 repetat,
1031 1731 1149 1769 quanta
1180 1728 1279 1759 virtus
1311 1728 1476 1759 verborum
1505 1727 1546 1759 ab
1569 1737 1622 1759 ore
1646 1727 1825 1765 rotabatur,
1863 1737 1932 1759 eum
1953 1736 1982 1757 3ο

311 1777 510 1817 praedicaret
539 1777 570 1808 in
601 1778 768 1819 populum,
803 1782 838 1810 ut
866 1779 951 1810 omni
982 1779 1179 1811 litteraturae
1204 1783 1388 1811 nasceretur
1411 1782 1520 1820 stupor
1543 1782 1574 1810 et
1598 1778 1687 1810 tieret
1709 1778 1743 1809 in
1768 1788 1933 1811 commune

310 1829 470 1867 generalis
498 1830 685 1870 conpunctio
708 1834 804 1870 atque
829 1840 867 1861 cx
891 1841 944 1862 ore
968 1831 1104 1863 dicentis
1128 1831 1289 1870 crederes,
1328 1835 1362 1862 ut
1384 1830 1484 1863 rerba
1507 1830 1717 1862 formarentur
1739 1830 1780 1861 ab
1803 1830 1930 1871 angelo,

311 1879 383 1911 dum
416 1880 488 1921 plns
519 1891 613 1920 quam
646 1881 737 1912 homo
768 1882 949 1921 loqueretur
978 1883 1152 1914 translatus
1175 1883 1208 1914 in
1232 1883 1347 1914 mentis
1371 1892 1520 1921 excessu,
1557 1892 1627 1913 eum
1651 1881 1776 1913 abrasis
1799 1882 1934 1914 maculis

311 1932 491 1963 sinceritate
523 1932 681 1971 dogmatis
713 1938 839 1974 pectora
872 1934 974 1975 plebis
1005 1939 1132 1975 cogeret
1164 1934 1280 1966 divinis
1312 1934 1482 1975 efflagrare
1514 1933 1696 1975 pigmentis.
1756 1934 1837 1973 1198)
1872 1933 1933 1971 Qui

311 1983 456 2022 equitans
481 1983 511 2014 in
537 1984 649 2015 itinere
674 1994 799 2026 semper
823 1985 862 2017 de
887 1985 945 2017 deo
969 1985 1092 2026 aliquid
1116 1990 1172 2018 aut
1194 1986 1289 2017 verbo
1313 1986 1445 2018 eontulit
1467 1989 1522 2017 ant
1545 1985 1695 2017 cantavit.
1951 1994 1980 2014 ³⁵

402 2037 482 2075 ¹lem)
511 2036 643 2067 Cursum
674 2037 759 2067 nudo
788 2036 894 2077 capite
924 2037 1050 2077 dicens,
1085 2037 1145 2069 etsi
1175 2037 1229 2069 nix
1253 2041 1309 2069 aut
1331 2037 1432 2069 imber
1455 2040 1617 2077 urgueret:
1655 2046 1725 2068 cum
1749 2046 1824 2068 vero
1848 2035 1934 2068 venit

310 2086 350 2117 ad
375 2096 532 2120 mensam,
567 2088 732 2119 confestim
757 2088 894 2119 recitans
918 2088 1023 2120 adfuit
1045 2089 1189 2120 minister
1212 2089 1321 2120 divina
1345 2089 1526 2129 conloquia,
1566 2092 1600 2120 ut
1622 2088 1704 2120 inter
1727 2088 1788 2119 eibi
1813 2088 1933 2120 fercula

310 2138 407 2168 animi
438 2142 548 2179 pastus
577 2139 727 2171 alimento
752 2140 823 2180 plus
847 2143 1042 2172 saturaretur
1066 2140 1211 2171 conviva.
1260 2140 1391 2171 Nullum
1416 2143 1543 2181 tempus
1566 2139 1764 2180 interpolans
1788 2149 1848 2180 quo
1871 2149 1931 2170 non

310 2193 364 2220 aut
387 2189 460 2220 aliis
484 2190 650 2231 prodesset
673 2195 727 2222 aut
750 2202 812 2222 non
836 2191 905 2232 ipse
929 2191 1109 2233 proficeret.

404 2243 483 2279 (2⁰0)
512 2242 672 2278 Quantum
703 2252 776 2274 vero
807 2243 988 2283 vigiliarum
1014 2254 1120 2275 euram
1145 2253 1270 2284 semper
1292 2243 1495 2284 inpenderet,
1531 2242 1602 2282 quis
1626 2245 1753 2274 enarret
1775 2245 1830 2273 aut
1852 2242 1931 2274 tole-
1949 2251 1978 2271 ιο

312 2297 395 2323 ratos
419 2292 544 2332 algores
567 2293 678 2324 ardore
703 2293 775 2325 fidei
801 2294 980 2335 praedicet,
1016 2305 1086 2326 cum
1112 2295 1294 2335 frequenter
1316 2294 1349 2326 in
1374 2295 1509 2334 lectulo,
1536 2298 1704 2334 antequam
1730 2293 1868 2334 reliquos
1891 2293 1930 2325 de

311 2354 422 2384 sopore
446 2348 655 2376 cmnmoncret
678 2345 869 2385 adsurgcre.
898 2347 1129 2387 quinquaginta
1151 2347 1291 2388 psalmos
1316 2346 1365 2377 vel
1390 2346 1528 2387 amplius
1551 2345 1734 2377 indefessus
1758 2345 1789 2376 in
1813 2344 1930 2386 templo

312 2395 358 2426 sui
392 2396 527 2435 pectoris
558 2395 684 2427 domino
716 2396 922 2429 ‹lecantareta’
978 2399 1057 2437 [201]
1094 2398 1158 2429 s'ed
1191 2398 1260 2438 quis
1289 2398 1378 2429 illurn
1410 2397 1527 2429 furtum
1558 2396 1684 2428 felicem
1715 2397 1766 2428 vel
1798 2395 1930 2427 audiens

312 2447 444 2478 senserit
474 2447 524 2478 vel
550 2447 618 2478 visu
642 2447 902 2488 deprehenderit,
939 2460 1008 2480 cnm
1033 2449 1102 2490 ipse
1127 2449 1166 2480 de
1191 2449 1309 2480 lectulo
1333 2448 1515 2489 frequenter
1539 2448 1606 2480 sine
1632 2448 1745 2488 caligis
1769 2457 1809 2479 ne
1833 2446 1930 2479 scuti-

313 2504 395 2529 rctur
418 2499 457 2529 ab
482 2499 587 2539 aliquo
612 2499 751 2539 perrexit
774 2500 805 2530 in
830 2500 973 2533 oratorio,
1002 2501 1122 2532 nullum
1148 2500 1207 2531 sibi
1231 2500 1362 2541 cupiens
1386 2503 1499 2531 testem
1518 2499 1549 2530 in
1567 2499 1656 2530 illum
1674 2499 1789 2530 furtum
1806 2500 1930 2540 praeter
1947 2507 1976 2527 ⁴⁵

397 2611 410 2631 3⁵
431 2610 472 2633 εΠἹ
490 2612 623 2639 tangebant
643 2611 672 2633 Ιη
789 2611 815 2635 11
838 2610 879 2644 ad]
898 2616 954 2635 ante
977 2613 997 2636 G
1102 2610 1256 2644 effugebant]
1276 2612 1321 2635 PG
1438 2611 1465 2635 13
1486 2612 1656 2642 stupencenda
1675 2611 1705 2634 I'l
1813 2610 1842 2634 14
1861 2610 1928 2639 aely-

313 2654 389 2675 mnni-
412 2653 431 2675 1¹
560 2655 681 2683 explacari
703 2654 731 2676 ΡΙ
870 2655 899 2678 lu
918 2656 1060 2684 largitorem
1080 2656 1203 2685 algentem
1225 2655 1246 2677 Ρ
1381 2654 1409 2678 19
1429 2662 1507 2678 uuaso
1528 2654 1556 2677 ΡΙ
1688 2654 1720 2678 25
1740 2651 1866 2686 alicunde]
1888 2651 1926 2683 P¹,

313 2696 410 2718 aliun-lv
431 2695 483 2718 1¹:¹11*
602 2697 631 2719 ’.Π
653 2699 791 2726 praesentis
814 2699 943 2728 ‘praesenti
967 2698 1005 2728 1³²)
1028 2699 1174 2728 probabatur
1193 2699 1282 2721 effectu
1305 2697 1333 2720 1‘1
1449 2697 1480 2721 28
1500 2698 1611 2721 serenior
1633 2696 1665 2719 (ι’2
1769 2696 1798 2720 31
1819 2703 1890 2720 omne
1909 2695 1930 2718 Ρ

314 2738 343 2761 :12
363 2740 472 2761 ‹lim-ntes
497 2739 522 2761 ΙᾸ1
663 2741 694 2763 33
715 2748 845 2764 excessum
868 2743 887 2763 (ι’
1027 2742 1057 2765 31
1078 2743 1205 2769 efflagarct
1226 2741 1253 2763 ΡΙ
1395 2741 1427 2764 39
1446 2741 1493 2763 alia
1514 2740 1542 2763 Ρ1
1683 2739 1715 2764 ⁴0
1735 2737 1866 2771 quantum]
1886 2737 1928 2761 PG

314 2781 340 2803 -Il
365 2782 459 2810 rvlivpm
481 2782 506 2803 Ι’1
620 2783 644 2805 15
664 2782 776 2815 oraturio}
796 2784 817 2806 Ρ
