2038 3036
48 684 75 703 10

48 949 76 968 15

46 1213 74 1234 20

45 1470 74 1490 25

46 1729 75 1748 30

623 118 716 144 VITA
735 119 908 145 SANCTAE
928 119 1186 160 RADEGrVNDISL
1670 127 1709 154 45

188 214 245 252 (58)
275 211 359 242 Illud
382 221 506 251 quoque
530 211 599 251 quis
624 212 772 252 explicet,
800 217 915 253 quanto
940 213 1064 245 fervore
1085 214 1226 246 excitata
1243 215 1284 246 ad
1301 216 1465 256 coquinam
1483 217 1714 249 concursitabat

96 273 187 295 suam
211 262 332 294 faciens
356 261 590 303 septimanam?
623 262 770 302 Denique
794 264 883 295 nulla
905 265 1131 296 monacharum
1155 266 1216 297 nisi
1240 266 1279 297 (16
1302 267 1434 308 posticio
1458 271 1610 307 quantum
1634 268 1713 309 ligni

97 324 175 355 opus
205 317 273 345 erat
299 314 368 345 sola
391 313 513 345 ferebat
536 313 568 343 in
593 313 728 345 sarcina.
777 315 901 354 Aquam
924 316 963 347 (16
988 320 1082 356 puteo
1106 317 1253 349 trahebat
1276 321 1307 349 et
1330 318 1538 359 dispensabat
1560 330 1616 360 per
1638 330 1713 351 vas-

97 366 178 397 cula.
227 365 327 396 Holus
350 374 501 406 purgans,
530 364 681 404 legumen
704 365 826 405 lavans,
853 366 929 398 flatu
953 367 1056 398 focum
1080 368 1256 408 vivificans,
1284 372 1315 400 et
1338 372 1371 400 ut
1395 369 1584 410 decoqueret
1608 366 1709 411 e'scas,

97 416 264 457 satagebat
287 418 495 454 exaestuans,
522 425 601 446 vasa
624 416 663 447 de
687 415 755 447 foco
778 417 852 457 ipsa
874 418 996 457 levans,
1023 419 1127 450 discos
1151 420 1263 450 lavans
1287 423 1318 451 et
1340 420 1491 452 inferens.
1544 422 1603 461 (59)
1631 422 1712 453 Hinc

96 467 320 499 consummatis
351 466 504 498 conviviis
535 466 606 507 ipsa
630 468 762 499 vascula
786 468 928 509 diluens,
963 480 1102 509 purgans
1126 470 1226 502 nitide
1250 472 1433 511 coquinam,
1468 472 1622 512 quidquid
1645 477 1712 504 erat

96 519 302 558 lutulentum,
337 518 459 550 ferebat
481 518 545 549 ima
568 518 768 559 purgamina.
817 519 896 551 Inde
920 530 977 561 pcr
1000 524 1202 560 aegrotantes
1226 522 1381 561 inferens,
1415 523 1481 554 ibat
1503 533 1565 554 11011
1589 524 1707 564 tepida,

95 573 126 601 et
148 570 332 611 priusquam
356 569 516 610 exciperet
531 569 751 601 Arelatensem
776 571 930 610 regulam,
959 572 1137 603 ebdomada
1156 576 1317 604 transacta
1334 574 1529 605 sufficienter
1544 575 1585 605 ad
1602 585 1712 607 01111168

95 621 232 653 calidam
263 620 411 652 faciebat.
459 620 647 652 Humilitate
677 621 878 653 sanctissima
908 623 1007 663 pedes
1038 623 1152 655 lavans
1183 627 1214 655 et
1244 625 1392 656 osculans
1424 629 1454 656 et
1477 626 1581 657 adhuc
1605 636 1712 658 01111168

96 675 255 714 prostrata
277 672 509 713 deprecabatur
531 672 657 703 veniam
681 673 886 713 neglegentia
909 684 964 715 pro
988 675 1167 706 commissa.

187 733 245 773 (60)
274 732 385 772 Itaque
416 735 487 773 post
515 735 560 764 tot
590 732 715 764 labores
745 742 825 773 quas
857 733 918 765 sibi
947 744 1069 774 poenas
1099 735 1240 766 intulerit
1270 738 1301 766 et
1330 735 1400 776 ipse
1430 736 1484 776 qui
1513 746 1590 768 voce
1616 738 1712 769 refert

96 784 319 826 perhorrescit.
367 784 512 822 Quadam
543 784 613 816 vice
637 785 711 816 dum
736 785 797 817 sibi
820 786 900 817 latos
924 789 988 817 tres
1012 786 1147 818 circulos
1171 787 1289 818 ferreos
1313 787 1425 818 diebus
1449 788 1713 828 quadragesimae

96 836 177 867 collo
209 835 261 867 vel
291 835 429 867 brachiis
460 835 588 874 nexuit,
625 839 657 867 et
679 839 742 868 tres
767 840 896 868 catenas
921 837 1066 869 inserens
1091 838 1175 869 circa
1199 848 1289 870 suum
1313 848 1426 879 corpus
1450 838 1523 869 dum
1548 839 1714 879 alligasset

95 887 260 925 adstricte,
294 886 423 918 inclusit
446 887 560 918 durum
583 887 701 918 ferrum
725 898 797 919 caro
821 891 931 919 tenera
955 898 1208 929 supercrescens.
1258 890 1298 920 Et
1321 892 1480 921 transacto
1503 889 1620 921 ieiunio
1644 900 1713 921 cum

96 938 250 970 voluisset
273 942 403 970 catenas
427 939 485 970 sub
510 942 580 970 cute
605 939 732 970 clausas
757 940 924 971 extrahere
948 950 1007 971 nee
1029 941 1160 980 valeret,
1188 951 1261 972 caro
1278 951 1334 982 per
1350 941 1475 972 dorsum
1493 944 1587 980 atque
1604 945 1713 982 pectus

95 999 191 1031 super
220 990 338 1021 ferrum
368 993 552 1021 catenarum
582 993 631 1022 est
660 990 763 1022 incisa
785 1001 842 1032 per
865 991 1033 1031 circulum,
1068 994 1102 1022 ut
1125 992 1257 1032 sanguis
1281 992 1369 1023 fusus
1393 992 1434 1024 ad
1458 995 1633 1024 extremum
1658 1003 1714 1024 ex-

94 1040 232 1072 inaniret
255 1041 488 1082 corpusculum.

186 1101 244 1141 (61)
274 1101 353 1132 Item
385 1100 453 1132 vice
484 1102 543 1133 sub
573 1102 675 1133 altera
703 1102 797 1133 iussit
823 1102 891 1133 fieri
915 1102 1065 1133 laminam
1088 1103 1120 1134 in
1144 1103 1234 1143 signo
1258 1103 1377 1135 Christi
1399 1103 1584 1143 oricalcam,
1618 1114 1712 1143 quam

95 1162 262 1183 accensam
293 1152 326 1183 111
355 1152 473 1184 cellula
503 1153 579 1184 10618
609 1153 733 1185 duobus
764 1154 904 1195 corporis
935 1154 1031 1185 altius
1063 1154 1122 1185 sibi
1153 1155 1320 1195 inpressit,
1356 1158 1421 1186 tota
1450 1165 1544 1186 carne
1569 1156 1709 1187 decocta.

96 1203 150 1234 Sic
172 1203 285 1244 spiritu
309 1203 492 1236 flammante
516 1205 659 1236 membra
681 1204 820 1236 faciebat
844 1205 968 1237 ardere.
1023 1206 1081 1245 (62)
1109 1206 1222 1237 Adhuc
1244 1206 1366 1246 aliquid
1390 1206 1519 1246 gravius
1542 1206 1574 1237 111
1593 1217 1627 1238 86
1642 1207 1714 1247 ipsa

93 1254 203 1286 tortrix
232 1255 433 1295 excogitans,
469 1265 533 1286 una
564 1256 881 1297 quadragesimarum
912 1266 1006 1298 super
1038 1260 1200 1288 austerum
1232 1257 1384 1289 ieiunium
1415 1260 1446 1289 61
1477 1258 1545 1288 81118
1574 1258 1712 1289 torridae

95 1306 285 1345 cruciatum,
319 1306 426 1338 adhuc
454 1307 532 1338 lima
562 1308 658 1339 cilicii
687 1308 828 1339 membra
857 1311 968 1340 tenera
997 1309 1074 1340 setis
1104 1309 1227 1349 asperis
1251 1308 1443 1349 dissipante,
1476 1309 1563 1340 iubet
1587 1312 1712 1350 portare

93 1358 296 1397 aquamanile
319 1359 504 1390 ardentibus
528 1359 657 1400 plenum
681 1360 881 1391 carbonibus.
931 1360 1013 1391 Hinc
1036 1360 1275 1391 discedentibus
1298 1360 1446 1400 reliquis,
1479 1360 1626 1391 membris
1650 1364 1713 1391 tre-

94 1409 293 1450 pidantibUS,
329 1410 455 1442 animus
486 1414 627 1443 armatur
650 1411 691 1442 ad
714 1421 866 1452 poenam,
901 1415 1039 1443 tractans
1065 1411 1141 1451 quia
1164 1421 1227 1442 non
1250 1415 1358 1443 essent
1381 1411 1609 1452 persecutionis
1632 1415 1712 1443 tem-

94 1470 172 1501 pora
200 1471 220 1492 a
250 1470 284 1492 se
313 1464 347 1492 ut
370 1462 459 1493 fieret
481 1465 632 1503 martyra.
685 1463 745 1502 (63)
773 1463 859 1494 Inter
882 1463 961 1494 haec
985 1466 1018 1494 ut
1040 1463 1246 1503 refrigeraret
1269 1466 1334 1495 tam
1358 1463 1533 1494 ferventem
1557 1463 1706 1501 animum,

93 1512 264 1544 incendere
288 1523 402 1554 corpus
426 1514 597 1553 deliberat,
631 1514 762 1555 adponit
785 1524 861 1545 aera
885 1514 1070 1554 candentia,
1101 1514 1236 1545 stridunt
1260 1515 1402 1546 membra
1425 1514 1610 1553 crementia,
1638 1524 1712 1546 con-

94 1563 228 1595 sumitur
257 1564 337 1596 cutis
368 1568 399 1596 et
425 1564 537 1596 intima
568 1576 628 1606 quo
655 1566 761 1606 attigit
783 1566 877 1597 ardor
899 1566 934 1597 fit
957 1566 1053 1597 fossa.
1102 1567 1226 1597 Tacens
1250 1566 1329 1606 tegit
1352 1565 1522 1605 foramina,
1558 1565 1615 1596 sed
1638 1576 1712 1597 con-

94 1619 281 1656 putrescens
313 1616 445 1656 sanguis
475 1617 701 1648 manifestabat
730 1617 815 1657 quod
845 1627 906 1648 vox
936 1627 998 1648 11011
1028 1617 1181 1657 prodebat
1212 1617 1245 1648 in
1275 1627 1389 1658 poena.
1438 1617 1491 1647 Sic
1514 1616 1633 1648 femina
1656 1627 1711 1657 pro

95 1666 212 1697 Christi
241 1666 409 1699 dulcedine
439 1671 485 1699 tot
512 1678 622 1700 amara
652 1668 788 1700 libenter
817 1669 952 1709 excepit.
1000 1668 1083 1699 Hinc
1112 1672 1216 1700 actum
1247 1672 1312 1708 cst,
1348 1668 1432 1709 quod
1461 1668 1533 1709 ipsa
1555 1668 1713 1700 abdiderit

95 1718 155 1749 hoc
178 1718 333 1749 miracula
356 1729 419 1750 11011
442 1721 594 1751 tacerent.

187 1779 246 1819 (64)
274 1779 386 1819 Itaque
409 1783 554 1811 matrona
570 1780 717 1812 Gislaadi
740 1780 878 1821 proceris
902 1780 1028 1811 nomine
1045 1780 1137 1811 Bella
1160 1780 1217 1811 sed
1240 1780 1335 1820 longa
1358 1779 1511 1811 caecitate
1535 1780 1711 1811 miserrima

94 1829 219 1869 rogavit
242 1839 276 1861 se
301 1830 340 1862 de
364 1831 499 1862 Francia
522 1831 661 1863 Pictavis
685 1831 727 1862 ad
750 1834 879 1862 sanctae
904 1831 977 1862 duci
1000 1831 1112 1863 devote
1136 1831 1359 1872 praesentiam.
1401 1831 1502 1868 Quam
1526 1831 1600 1862 licet
1622 1831 1713 1862 tarde

95 1884 226 1912 exorata
256 1881 316 1912 sibi
340 1882 416 1913 fecit
438 1883 558 1914 occurri
582 1893 639 1924 per
662 1886 762 1914 tetrae
785 1883 886 1914 noctis
910 1882 1049 1914 silentia.
1102 1884 1162 1923 (65)
1191 1883 1352 1914 Prostrata
1375 1882 1463 1913 cuius
1486 1882 1528 1913 ad
1551 1892 1656 1922 genua
1678 1886 1712 1914 ut

95 1932 280 1973 dignaretur
309 1934 417 1964 oculos
447 1934 516 1965 eius
546 1934 672 1974 signare
703 1934 756 1965 vix
784 1934 944 1975 impetrat.
997 1934 1087 1972 Quae
1118 1944 1189 1965 mox
1218 1934 1252 1965 in
1282 1933 1408 1965 nomine
1438 1933 1555 1965 Christi
1585 1933 1711 1974 signum

186 2113 193 2136 1
218 2113 326 2146 feruore]
345 2115 448 2137 seruitio
468 2118 505 2137 est
525 2115 552 2143 L,
575 2115 678 2137 86101610
834 2116 916 2138 excita
938 2115 957 2136 T
1080 2115 1093 2137 2
1115 2115 1208 2137 nullam
1227 2114 1288 2136 PM
1403 2112 1463 2145 nisi]
1482 2114 1536 2142 ipsa
1555 2114 1612 2137 add.
1639 2115 1675 2144 (T)

96 2158 125 2180 de
146 2158 225 2187 postio
247 2156 292 2187 P2
315 2158 365 2180 nisi
384 2158 506 2187 depositio
525 2159 596 2181 fieret
614 2165 732 2187 superscr.
755 2156 796 2179 M2
921 2158 935 2180 4
954 2158 1035 2180 focum
1054 2158 1115 2180 flatu
1138 2158 1157 2179 T
1279 2157 1292 2180 5
1312 2155 1410 2189 leuans]
1430 2158 1516 2179 lauans
1537 2156 1569 2183 M,
1592 2164 1638 2180 om.
1658 2157 1678 2179 L

95 2200 182 2223 lauans
200 2201 279 2223 discos
299 2200 328 2230 L,
350 2201 429 2224 discos
448 2201 535 2224 leuans
557 2201 578 2223 E
689 2201 704 2224 6
724 2201 829 2230 coquina
849 2200 944 2223 PMLE
1053 2201 1066 2223 7
1087 2201 1136 2223 ima
1155 2198 1311 2232 purgamina]
1330 2201 1393 2223 foras
1412 2201 1437 2223 in
1456 2201 1537 2223 locum
1557 2200 1711 2229 designatum

95 2243 160 2272 vuly.
279 2242 402 2276 inserens]
421 2245 560 2267 necessaria
579 2244 635 2267 add.
657 2245 726 2273 vuly.
844 2251 892 2266 non
911 2242 1008 2275 tepida]
1029 2244 1151 2273 intrepida
1171 2244 1200 2272 E,
1222 2243 1336 2272 intepida
1491 2242 1505 2266 S
1525 2244 1656 2266 ilaretense
1675 2250 1712 2266 re-

95 2286 152 2315 gula
171 2286 199 2308 M
301 2285 447 2319 ebdomada]
466 2289 512 2311 sub
532 2287 589 2310 add.
611 2287 653 2309 PG
765 2287 779 2309 9
799 2287 903 2309 calidam
925 2288 1022 2316 (aquam
1041 2287 1098 2310 add.
1122 2286 1177 2316 PM)
1201 2286 1307 2309 faciebat
1326 2284 1480 2317 humilitate]
1499 2286 1605 2308 faciebat
1623 2286 1710 2309 huma-

95 2329 199 2351 nitatem
223 2329 242 2351 T
354 2328 450 2362 omnes]
469 2332 527 2353 ante
546 2330 603 2353 add.
625 2330 678 2358 LE,
699 2337 725 2352 ac
744 2330 858 2352 omnibus
879 2330 899 2351 T
1023 2329 1052 2353 10
1072 2337 1113 2359 pro
1133 2330 1262 2352 commissa
1280 2329 1437 2358 neglegentia
1456 2329 1502 2351 LT
1622 2328 1649 2351 ll
1671 2330 1710 2351 in-

95 2372 186 2394 tulerat
205 2370 263 2394 PEG
398 2373 452 2402 ipsa
471 2380 535 2402 quae
558 2374 586 2403 G,
608 2373 724 2396 intulerit
742 2373 795 2402 ipsa
814 2373 857 2402 qui
879 2373 898 2395 T
1034 2372 1063 2396 12
1083 2370 1155 2404 dum]
1173 2379 1220 2395 om.
1245 2372 1264 2393 T
1394 2372 1455 2395 latos
1474 2369 1536 2403 tres]
1555 2372 1643 2394 inlatos
1662 2374 1711 2395 tres

95 2414 124 2445 L,
146 2415 237 2438 inlatas
256 2417 306 2438 tres
326 2416 355 2445 E,
377 2418 427 2439 tres
446 2416 509 2439 latos
532 2416 551 2438 T
691 2415 721 2439 14
740 2416 855 2438 abstricta
875 2415 909 2444 ,
937 2415 1080 2438 adstrictius
1099 2415 1128 2445 L,
1156 2415 1281 2437 astrictius
1301 2414 1322 2436 E
1461 2414 1490 2438 18
1510 2412 1566 2446 sub]
1586 2421 1633 2437 om.
1658 2414 1678 2436 T

96 2457 241 2480 auricalcam
260 2459 296 2487 L,
326 2459 487 2482 aurichalcam
506 2459 540 2488 E,
570 2459 685 2482 laminam
714 2459 744 2481 de
770 2459 889 2482 auricalco
917 2459 943 2481 in
971 2459 1042 2487 signo
1070 2459 1157 2483 christi
1178 2458 1198 2480 T
1338 2457 1369 2480 19
1388 2458 1448 2480 cella
1468 2458 1524 2482 PM.
1555 2459 1668 2481 cellulam

96 2500 127 2524 22
147 2501 226 2524 adhuc
244 2501 314 2534 lima]
334 2502 362 2525 ad
381 2503 430 2525 ima
449 2502 477 2531 L,
500 2502 579 2525 adhuc
597 2503 625 2525 ad
646 2503 694 2524 ima
714 2502 735 2524 E
837 2502 1001 2531 dissipantem
1020 2502 1065 2524 LE
1168 2500 1199 2524 23
1219 2499 1386 2532 aquamanile]
1407 2501 1497 2523 manile
1520 2501 1544 2528 T,
1566 2502 1599 2530 ef.
1616 2501 1711 2524 Fon-el-

97 2543 141 2566 lini
161 2544 182 2573 I,
201 2552 226 2574 p.
243 2546 293 2568 318
398 2546 500 2575 plenum
519 2546 664 2568 ardentibus
807 2545 865 2567 huic
885 2544 921 2566 Ml
1026 2544 1057 2568 25
1077 2552 1090 2567 a
1108 2542 1147 2576 se]
1166 2551 1214 2567 om.
1231 2544 1273 2565 ET
1378 2546 1468 2571 martyr
1490 2543 1552 2573 (()
1661 2545 1710 2567 fer

97 2588 185 2610 uenter
205 2587 247 2610 PG
381 2588 413 2612 26
433 2587 578 2620 crementia]
598 2588 654 2618 PM,
675 2588 783 2618 rhythmo
801 2589 927 2618 sirnmtum
1061 2587 1093 2611 27
1112 2585 1148 2619 et]
1167 2594 1214 2610 cm.
1240 2586 1259 2608 T
1390 2589 1580 2616 conputrescens
1599 2585 1711 2618 sanguis]

96 2631 345 2659 conputrescentibus
365 2632 466 2660 sanguis
485 2632 520 2662 L,
551 2634 758 2661 conputrescente
778 2632 848 2654 riuus
867 2631 995 2659 sanguinis
1173 2629 1205 2653 28
1225 2627 1412 2661 manifestabat]
1431 2636 1479 2652 om.
1500 2629 1535 2657 L,
1563 2629 1670 2658 prodidit

97 2672 129 2696 29
148 2671 196 2705 est]
215 2676 243 2696 ut
261 2674 318 2697 add.
341 2673 463 2704 G2(LET)
571 2675 695 2698 addiderit
714 2674 808 2697 PMLE
928 2673 957 2696 31
980 2673 1067 2701 gislodi
1090 2672 1109 2695 T
1211 2673 1338 2701 proceriris
1358 2671 1385 2694 M
1505 2671 1535 2694 32
1556 2672 1659 2694 deuotae
1678 2671 1707 2700 L,

97 2715 186 2738 deuota
205 2716 227 2738 E
364 2717 395 2740 33
416 2720 539 2740 exoratam
561 2718 603 2740 PE
728 2716 833 2749 occurri]
852 2717 938 2739 adduci
962 2717 981 2738 T
1106 2716 1136 2738 ad
1155 2716 1226 2738 cuius
1245 2722 1325 2743 genua
1344 2717 1463 2744 prostrata
1483 2715 1526 2737 nix
1548 2715 1663 2744 impetrat
1683 2718 1710 2738 ut

97 2759 238 2788 dignaretur
259 2761 340 2784 oculos
359 2761 413 2784 eius
433 2764 532 2790 tangere
553 2762 678 2790 (superscr.
700 2761 708 2784 l
728 2760 834 2789 signare)
858 2760 878 2782 T
983 2758 1015 2782 34
1034 2757 1103 2791 mox]
1124 2761 1150 2781 ut
1170 2758 1226 2781 add.
1249 2756 1317 2780 11120

1737 218 1842 249 XXIV

1735 739 1825 770 XXV

1736 1106 1842 1138 XXVI

1735 1783 1857 1814 XXVII
