2038 3036
747 93 841 120 VITA
861 94 974 120 BEATI
994 94 1176 120 MAVRILII.
1729 99 1768 125 115

150 187 267 217 raculis
297 189 532 225 coruscantem,
566 189 748 226 praestante
779 187 906 217 domino
934 190 1040 218 nostro
1065 188 1137 218 Iesu
1162 187 1286 218 Christo
1316 188 1369 227 qui
1397 198 1467 219 cum
1493 192 1580 228 patre
1605 192 1634 218 ct
1658 188 1769 228 spiritu

152 241 259 268 sancto
284 237 362 268 vivit
385 240 416 268 et
439 240 552 276 regnat
575 236 775 276 omnipotens
799 237 876 268 deus
900 248 957 278 per
979 238 1102 269 infinita
1126 238 1255 269 saecula
1279 239 1487 269 saeculorum.
1535 239 1647 269 Amen.

242 289 300 327 198)
331 287 538 318 Sanetissimo
562 286 669 326 itaque
693 287 893 319 sacerdotum
910 288 1054 319 Maurilio
1079 289 1148 320 sedi
1171 289 1315 329 propriae
1339 289 1492 327 restituto,
1521 289 1595 329 quid
1616 289 1768 329 proximis

151 338 265 370 exinde
290 339 403 370 diebus
427 337 552 369 cuidam
577 338 709 378 contigit
732 338 772 369 ad
797 338 1022 370 declarandam
1046 340 1192 375 ¹virtutem
1217 340 1385 379 antistitis,
1419 340 1503 380 quod
1526 344 1557 371 et
1580 341 1770 371 Fortunatus

118 400 129 417 ⁵
151 390 260 429 edidit⁷
289 390 506 421 adnectemus.
560 390 619 428 (993.
648 389 704 419 Vir
727 389 855 429 quidam
880 400 996 421 avarus
1020 391 1157 421 omnium
1182 391 1337 421 malorum
1362 391 1467 422 radice
1491 391 1660 431 instigatus
1681 392 1770 432 cupi-

101 654 127 673 111

97 1164 126 1183 ’20

97 1678 126 1695 :50

150 440 260 479 ditate,
289 440 458 472 temerario
475 439 585 471 ordine
606 443 732 480 arrepta
756 441 868 479 securi⁷
898 441 949 472 die
974 441 1133 472 dominica
1157 442 1270 472 aridus
1294 446 1439 482 operator
1463 443 1619 473 extiterat.
1669 446 1768 479 Quem

150 491 269 522 securis
300 491 465 522 manubrio
495 490 528 521 in
556 490 702 521 manibus
726 491 866 522 adhaeso
890 492 967 523 ultio
992 492 1096 523 statim
1121 492 1229 523 divina
1252 492 1446 532 dampnavit.
1501 494 1579 531 illul}
1610 493 1696 524 Idem
1722 498 1769 524 ta-

149 552 221 573 men
254 542 438 581 cogentibus
470 541 631 572 doloribus
662 545 734 582 post
756 552 883 574 menses
907 543 1044 582 quinque
1069 547 1212 574 sanctum
1236 543 1417 574 Maurilium
1442 547 1594 584 expetens
1620 554 1694 575 suae
1719 554 1769 574 or—

149 593 255 624 dinem
291 593 405 633 eulpae
440 592 589 624 flebiliter
623 592 839 624 confitebatur.
888 593 986 624 Cuius
1021 593 1069 624 vir
1104 595 1214 625 beatus
1249 604 1319 625 cum
1354 594 1591 634 paenitudinem
1622 595 1764 629 vidisset.

149 647 322 675 commotus
346 643 458 684 spiritu
483 643 591 675 dolere
615 644 729 684 coepit.
782 645 863 684 (101)
893 644 958 675 Sed
982 654 1051 675 cum
1076 645 1194 676 sanctis
1218 645 1363 676 manibus
1388 645 1586 676 manubrium
1612 646 1769 685 tetigisset

148 695 284 734 securis,
318 695 393 726 ilico
417 695 535 726 laxatis
559 695 664 726 nervis
689 698 719 725 et
742 695 871 726 directis
896 695 1004 735 digitis
1028 696 1175 735 omnique
1200 696 1309 735 fugato
1333 695 1457 733 dolore.
1491 706 1603 727 manus
1626 696 1768 736 integrae

148 746 368 777 reformantur.
417 745 469 777 Sic
499 749 605 777 autem
636 750 782 786 operator
813 746 975 787 improbus
1005 747 1044 777 ab
1076 747 1292 787 omnipotente
1323 751 1481 778 correctus
1511 751 1541 778 et
1564 758 1583 777 a
1607 748 1768 779 sacerdote

148 796 317 828 mundatus
341 797 500 837 propriam
525 796 638 828 aedem
662 806 773 837 sospes
797 801 846 828 est
869 797 911 828 ad
934 807 1034 837 usque
1058 806 1216 828 reversus.

238 848 319 887 (102)
349 847 432 885 Quid
462 851 569 879 autem
601 858 656 889 pro
687 848 842 879 consimili
871 848 1075 888 neglegentia
1106 849 1164 879 sub
1189 848 1267 889 ipsis
1291 848 1485 889 temporibus
1509 849 1599 879 alteri
1626 849 1763 888 contigit.

116 910 127 927 5
148 898 323 930 edicemus.
364 899 517 939 Belgicus
541 898 669 939 quidam
694 899 819 930 nominc
845 899 944 940 primo
969 899 1021 930 die
1045 899 1183 940 paschae
1207 899 1349 939 proprias
1373 903 1499 939 segetes
1517 899 1617 930 servis
1633 899 1767 940 propriis

147 949 315 981 temerario
346 950 414 980 iure
445 949 598 981 mundare
630 954 845 990 praeceperat.
896 950 1057 990 Mancipia
1086 960 1160 981 vero
1188 960 1258 981 cum
1282 950 1374 981 reniti
1399 950 1579 991 coepissent
1603 960 1640 981 ac
1664 950 1767 981 dicere

148 1004 257 1032 contra
280 1001 499 1032 auctoritatem
524 1001 606 1039 fore⁷
638 1004 672 1032 ut
695 1001 746 1032 die
770 1001 928 1032 dominica
951 1001 1080 1032 servilia
1104 1011 1201 1042 opera
1223 1004 1408 1041 agerentur.
1437 1000 1582 1032 dominus
1605 1011 1709 1033 eorum
1736 1005 1768 1032 ut

147 1052 180 1083 id
211 1056 343 1092 agerent
372 1052 476 1092 coegit
504 1052 631 1084 invitos.
684 1053 766 1092 (103)
795 1052 859 1083 Sed
890 1062 960 1083 eum
992 1055 1118 1092 segetes
1148 1052 1285 1091 ingressi
1315 1052 1391 1083 lolia
1422 1056 1453 1083 et
1475 1062 1619 1092 quaeque
1642 1052 1769 1083 inutilia

148 1102 265 1134 sarcire
289 1107 516 1144 temptassent7
544 1114 616 1134 mox
640 1103 791 1143 Belgicus
816 1104 978 1134 oculorum
1003 1103 1156 1135 caecitate
1180 1112 1368 1144 percussus⁷
1395 1106 1429 1134 ut
1452 1106 1563 1143 coepta
1586 1103 1769 1134 desererent

148 1158 179 1185 et
209 1154 391 1194 quantotius
421 1154 663 1194 egrederentur,
698 1154 943 1194 circumquaque
973 1154 1134 1195 palpando
1165 1164 1321 1194 quaerens
1351 1154 1481 1195 insuper
1510 1154 1563 1194 qui
1587 1154 1615 1184 ei
1640 1164 1767 1184 manum

147 1205 238 1236 daret
276 1205 542 1245 quemadmodum
572 1205 686 1237 reverti
716 1209 825 1245 posset
855 1205 896 1237 ad
927 1205 1070 1243 domum7
1106 1205 1258 1236 inmensis
1288 1205 1417 1236 vocibus
1448 1205 1607 1236 clamabat
1636 1204 1764 1236 invitus.

153 1259 234 1295 ,1114)
263 1257 342 1288 Cum
373 1261 478 1288 autem
510 1266 566 1297 per
596 1260 659 1287 tres
690 1266 790 1287 annos
820 1257 852 1287 in
877 1267 915 1288 ea
939 1257 1091 1288 caecitate
1116 1256 1301 1295 mansisset,
1337 1256 1410 1287 dum
1435 1257 1562 1287 beatum
1586 1256 1767 1286 Maurilium

147 1318 203 1349 pro
234 1308 394 1339 commissi
426 1308 485 1338 sibi
510 1307 618 1348 populi
642 1307 835 1345 salvatione.
873 1311 906 1339 ut
929 1308 1086 1348 episcopis
1110 1307 1207 1338 moris
1231 1310 1295 1345 est,
1329 1307 1416 1338 vicos
1439 1317 1476 1338 ac
1499 1307 1593 1337 villas
1618 1306 1767 1338 circuisse

147 1359 306 1397 audisset,
334 1359 521 1399 cogentibus
545 1358 702 1390 continuis
725 1358 886 1389 doloribus
911 1359 1022 1390 sedule
1046 1363 1077 1390 et
1100 1359 1245 1390 devotius
1269 1358 1455 1399 expetebat,
1487 1362 1520 1389 ut
1543 1358 1571 1389 ei
1595 1358 1645 1389 vel
1669 1358 1766 1389 vesti—

97 1421 123 1439 ·.·
147 1414 288 1442 mentum
312 1410 487 1441 sacerdotis
510 1414 643 1449 tangere
667 1413 923 1450 praeparassent,
951 1410 1123 1448 confidens,
1151 1410 1177 1440 si
1201 1409 1280 1440 illud
1302 1413 1434 1449 tangere
1452 1412 1633 1447 mereretur,
1661 1409 1767 1439 statim

146 1472 180 1493 se
208 1462 248 1493 ab
272 1461 454 1492 infirmitate
478 1461 636 1491 mundari.
691 1462 771 1500 (105)
801 1461 893 1498 Quod
917 1471 987 1492 cum
1011 1461 1277 1501 praeparantibus
1300 1461 1409 1491 amicis
1432 1464 1563 1500 tangere
1587 1460 1763 1498 meruisset.

145 1522 218 1543 mox
250 1512 378 1552 dempto
410 1512 517 1543 dolore
542 1512 649 1542 lumen
674 1511 757 1551 quod
781 1522 837 1552 per
861 1511 1096 1552 neglegentiam
1123 1512 1274 1542 amiserat
1296 1511 1407 1542 merito
1431 1510 1604 1542 sacerdotis
1627 1511 1766 1550 recipere

146 1563 272 1594 meruit.
319 1563 387 1594 Nec
410 1566 517 1594 tamen
542 1563 691 1602 Belgicus
715 1573 796 1602 quae
821 1563 909 1603 prius
934 1563 1133 1594 commiserat
1156 1572 1253 1602 agere
1277 1562 1409 1593 ulterius
1433 1561 1657 1602 praesumpsit.

238 1616 320 1653 (1061
348 1614 433 1645 1111111
464 1614 548 1645 6111111
580 1614 718 1644 inserere
750 1613 877 1645 lectioni
901 1623 1017 1654 operae
1042 1613 1178 1654 pretium
1203 1613 1366 1651 duximus.
1402 1612 1486 1652 quod
1510 1622 1548 1643 ex
1572 1622 1632 1651 quo
1656 1612 1768 1643 beatus

146 1665 314 1696 Maurilius
346 1665 549 1705 episcopatus
573 1665 710 1705 adeptus
734 1668 783 1696 est
806 1665 994 1704 dignitatem
1019 1675 1118 1705 usque
1142 1665 1183 1695 ad
1208 1664 1374 1696 terminum
1399 1664 1483 1695 vitae
1507 1673 1583 1694 suae
1608 1663 1676 1694 eius
1700 1674 1767 1695 me-

233 1812 316 1835 5—13
344 1811 513 1840 Maynobodus
532 1818 552 1834 c.
576 1813 623 1834 16:
650 1811 700 1833 Nec
724 1812 933 1840 praetereundum
960 1814 1009 1841 cst,
1037 1811 1100 1840 quod
1126 1812 1228 1839 contigit
1253 1812 1277 1833 in
1304 1810 1410 1840 publico.
1450 1810 1484 1832 Vt
1509 1817 1534 1832 se
1559 1811 1583 1832 in
1610 1810 1694 1833 111111115
1718 1810 1765 1833 1111-

146 1862 219 1878 mana
245 1855 318 1877 habet
344 1854 486 1884 cupiditas,
513 1854 612 1883 quidam
638 1854 675 1876 vir
699 1854 802 1882 agricola
828 1854 866 1876 die
892 1855 1015 1877 dominico
1040 1857 1169 1883 assumpta
1191 1854 1270 1876 securi
1290 1856 1494 1882 praesumptuoso
1513 1852 1597 1875 ordine
1617 1853 1696 1882 coepit
1715 1860 1766 1874 ma-

146 1898 221 1920 nibus
250 1898 302 1920 suis
327 1897 434 1920 ruralem
456 1903 554 1926 operam
574 1896 685 1919 reddere.
725 1896 812 1920 Statim
833 1904 889 1919 enm
910 1897 971 1919 ultio
990 1897 1074 1919 divina
1093 1897 1208 1919 manibus
1227 1896 1258 1918 ad
1277 1896 1359 1925 ipsum
1379 1897 1555 1918 ferramentum
1574 1896 1681 1918 astrictis
1700 1896 1766 1918 dam-

146 1941 223 1963 navit.
263 1940 321 1963 Post
340 1946 439 1962 menses
458 1940 569 1969 quinque
589 1939 618 1962 ad
638 1942 751 1962 sanctum
771 1939 913 1962 Maurilium
932 1946 1066 1969 properans
1086 1942 1111 1962 et
1129 1946 1232 1968 poenam
1251 1938 1432 1961 demonstravit
1451 1945 1520 1961 suam
1539 1940 1564 1960 et
1583 1938 1692 1960 ordinem
1712 1939 1766 1961 cul-

145 1990 191 2013 pae
211 1984 339 2006 coufessus
359 1985 405 2006 651.
438 1982 494 2005 Mox
514 1985 543 2005 ut
562 1982 719 2004 manubrium
739 1982 835 2004 securis
855 1985 954 2005 sanctus
973 1982 1010 2003 vir
1028 1982 1159 2004 miseratus
1180 1982 1280 2003 anxium
1301 1982 1325 2003 in
1345 1988 1445 2003 manum
1466 1988 1536 2003 suam
1555 1981 1655 2010 accepit,
1678 1988 1766 2004 manus

145 2026 257 2048 damnati
280 2025 438 2048 resolvuntur
462 2028 487 2047 et
512 2028 540 2047 ut
565 2028 622 2047 ante
647 2025 746 2048 fuerant
770 2026 795 2047 in
821 2032 884 2047 usus
909 2025 1087 2047 incolumitatis
1113 2027 1279 2046 revertuntur.
1319 2024 1391 2047 Redit
1410 2023 1482 2047 bomo
1501 2025 1628 2052 correptus
1647 2030 1659 2045 a
1679 2023 1722 2046 deo
1742 2026 1767 2046 et

146 2076 159 2090 a
177 2068 303 2091 sacerdOte
323 2074 365 2090 suo
385 2067 529 2090 mundatus.

233 2110 332 2134 14—28
353 2109 518 2139 Muynobodus
537 2118 557 2133 c.
582 2112 629 2133 17:
654 2110 703 2132 Nec
727 2110 797 2132 istud
822 2117 919 2139 quoque
942 2111 968 2132 in
995 2110 1118 2133 oblivione
1145 2117 1186 2139 per
1211 2109 1388 2132 taciturnitatis
1409 2111 1505 2131 11051136
1526 2108 1702 2136 negligentiam
1721 2115 1765 2138 po-

145 2160 204 2176 nere
223 2160 356 2183 possumus
375 2155 420 2176 aut
438 2153 566 2181 debemus,
589 2153 653 2182 quod
673 2153 732 2175 alias
752 2160 838 2176 rursus
858 2153 883 2175 in
903 2153 1024 2175 consimili
1038 2159 1062 2175 re
1077 2153 1170 2175 factum
1184 2155 1222 2175 est
1235 2152 1391 2174 miraculum.
1425 2151 1541 2180 Belgicus
1555 2151 1654 2180 quidam
1668 2151 1765 2173 nomine

145 2197 270 2226 mancipia
296 2203 341 2219 sua
362 2197 442 2226 primo
461 2196 500 2218 die
520 2195 626 2225 paschae
645 2195 792 2218 crudelitate
813 2198 838 2218 et
857 2196 959 2218 avaritia
977 2195 1095 2218 seductus
1115 2198 1212 2224 segetes
1233 2202 1288 2217 snas
1308 2194 1427 2217 mundare
1448 2194 1583 2223 praecepit.
1623 2193 1669 2216 Vbi
1689 2194 1765 2215 coacti

145 2239 286 2268 importuno
310 2239 414 2269 imperio
438 2239 526 2261 famuli
553 2241 688 2267 coeperunt
711 2239 785 2261 noxia
809 2239 920 2267 gramina
944 2238 1063 2267 evellere,
1093 2238 1224 2261 confestim
1246 2238 1360 2260 dominus
1380 2244 1463 2259 eorum
1483 2237 1551 2266 prius
1569 2237 1617 2258 iam
1637 2236 1663 2258 in
1682 2239 1765 2258 mente

145 2282 281 2311 cupiditate
306 2288 393 2305 caecus
418 2282 545 2304 oculorum
571 2288 668 2310 quoque
692 2281 809 2304 caecitate
834 2288 969 2311 percussus
991 2284 1038 2304 est.
1077 2281 1187 2303 Tandem
1213 2287 1266 2303 sero
1290 2280 1426 2309 impietatis
1454 2282 1479 2302 et
1504 2279 1680 2301 irreverentiae
1707 2285 1765 2301 suae

145 2324 277 2354 paenitens
296 2326 377 2353 rogat,
400 2327 428 2347 ut
447 2324 625 2353 egrederentur
644 2330 690 2346 nec
709 2324 788 2352 magis
808 2324 984 2352 intempestivo
1003 2324 1081 2346 labore
1100 2324 1125 2345 in
1146 2324 1207 2346 satis
1227 2323 1384 2345 mundarent.
1424 2321 1490 2349 Quid
1509 2323 1591 2349 ageret
1609 2321 1700 2343 infelix
1719 2328 1764 2343 116-

145 2367 241 2397 sciens,
268 2373 315 2396 qno
339 2374 365 2389 se
388 2369 497 2390 verteret
519 2367 637 2395 ignarus,
665 2366 764 2389 tandem
790 2366 932 2396 palpitando
957 2366 1072 2388 ducatum
1092 2372 1209 2395 quaerere
1229 2366 1319 2394 coepit,
1346 2365 1454 2394 qualiter
1473 2366 1636 2387 reverteretur
1656 2363 1762 2385 domum.

146 2410 203 2432 Post
228 2410 288 2432 haec
307 2416 383 2432 annos
402 2412 452 2432 tres
472 2411 498 2432 in
517 2410 604 2432 eadem
625 2410 743 2432 caecitate
763 2409 917 2438 perdurans,
945 2409 1003 2431 dum
1023 2409 1121 2431 demum
1142 2411 1241 2431 sanctus
1260 2407 1391 2430 Maurilius
1413 2407 1545 2429 dioecesim
1564 2407 1704 2429 vireumiret
1722 2413 1765 2435 pro

146 2452 231 2482 populi
257 2452 442 2481 benedictione,
469 2456 537 2481 rogat
556 2453 670 2481 Belgicus
696 2452 765 2480 longa
788 2453 956 2474 satisfactione
980 2452 1126 2474 emendatus
1152 2454 1177 2473 et
1202 2452 1251 2474 iam
1272 2450 1405 2479 aliqnando
1425 2449 1480 2472 111161
1500 2449 1557 2477 igne
1577 2455 1708 2475 accensus,
1738 2451 1766 2470 ut

145 2496 324 2517 vestimentum
350 2495 480 2517 sacerdotis
504 2499 604 2523 tangere
630 2498 773 2517 mereretur.
814 2494 866 2522 Quo
890 2495 953 2517 facto
972 2495 1054 2517 lumen
1074 2494 1198 2516 oculorum
1219 2493 1282 2522 quod
1302 2500 1345 2522 per
1365 2492 1542 2520 negligentiam
1563 2498 1631 2513 suam
1650 2492 1765 2513 amiserat

146 2545 188 2568 per
207 2538 358 2560 sacerdotem
378 2538 418 2560 dei
436 2538 540 2566 recepit.

232 2579 263 2602 2¹.)
282 2593 315 2596 —
332 2587 358 2609 p.
374 2580 416 2610 90,
436 2581 454 2604 l.
470 2580 484 2603 S
505 2580 674 2609 Maynobodus
691 2588 713 2603 c.
737 2581 782 2603 18:
809 2580 858 2602 Nec
882 2579 1077 2602 obliviscendum
1101 2583 1139 2601 cst
1165 2580 1190 2601 in
1216 2579 1314 2608 populis
1339 2578 1402 2607 qnod
1429 2584 1458 2599 ex
1485 2577 1600 2605 corporali
1626 2577 1764 2605 praesentia

232 2717 247 2739 (3
267 2716 388 2739 dominico
411 2716 431 2738 (ι’
539 2716 567 2739 14
589 2717 719 2745 contigerit
738 2717 759 2739 P

1792 290 1882 321 XVII

1796 849 1901 879 XVIII

1791 1613 1870 1644 XIX
