2038 3036
209 637 281 667 XIV

223 998 279 1029 XV

205 1360 277 1391 XVI

187 1670 277 1701 XVII

310 132 349 161 42
913 125 1079 152 νΕΝΑΝΤι
1099 124 1317 152 FORTVNATI

310 225 430 263 glutino
461 228 504 254 tut
535 223 624 253 «lonis
654 225 763 252 nnc-rat
796 231 852 261 per
882 220 1044 251 honorem.
1092 219 1262 258 Cingulum
1287 220 1355 252 auri
1379 221 1587 262 ponderatum
1611 221 1746 254 fractum
1770 223 1825 255 dat
1847 233 1927 265 opus

310 275 339 305 in
372 284 554 316 pauperum.
618 276 657 301 :w
696 272 849 303 ¹similiter
877 271 1035 302 accedens
1064 270 1106 302 ad
1137 271 1251 302 cellam
1283 272 1385 303 sancti
1408 272 1542 304 Iumeris
1573 273 1624 305 die
1649 283 1710 305 uno
1734 283 1796 314 quo
1819 283 1854 306 sc
1878 284 1930 306 or-

310 326 405 356 nabat
430 325 504 356 felix
529 323 655 362 regina.
689 322 849 363 conposito
873 331 1017 353 sermone
1042 325 1075 353 ut
1099 321 1210 362 loquar
1232 322 1368 355 barbaro
1393 324 1554 365 stapione.
1589 324 1744 364 camisas,
1771 325 1924 365 manicas,

308 377 419 407 varias.
455 375 587 407 tibulas.
622 379 733 405 cum-ta
764 383 840 405 auro
871 373 1028 414 quaedam
1059 373 1195 412 gemmis
1218 379 1371 406 exornata
1394 385 1450 416 per
1473 375 1645 415 circulum,
1680 376 1740 408 sibi
1763 376 1928 418 profutura

308 433 416 458 sam—to
445 426 540 457 tradit
571 426 694 457 altario.
762 427 811 456 31⁴*
839 424 916 456 Inde
948 423 1123 465 procedens
1154 424 1195 456 ad
1226 426 1340 457 cellam
1372 427 1565 458 venerabilis
1596 426 1752 459 Datdonis
1783 427 1834 460 die
1864 438 1927 469 qua

308 478 416 508 debuit
444 478 548 508 ornari
579 481 776 518 praestanter
806 476 837 507 in
869 476 998 507 saeculo
1021 475 1176 516 quidquid
1200 476 1288 508 indui
1312 481 1434 518 poterat
1458 488 1554 509 censu
1579 478 1678 510 divite
1702 478 1838 519 femina,
1871 480 1929 511 ab—

308 529 378 560 bate
417 533 630 560 renumerata.
669 532 767 560 totum
799 527 888 559 dedit
917 527 1083 559 coenubio.
1155 528 1214 567 (32)
1250 528 1403 569 Aequiter
1433 529 1533 561 saneti
1564 529 1715 561 Gundulfi
1750 534 1821 572 post
1851 530 1928 563 facti

307 581 410 611 Mettis
435 581 574 621 episcopi
599 590 769 621 progressa
793 579 995 620 receptaculo
1018 589 1079 610 non
1103 579 1224 611 minore
1249 580 1394 612 laboratu
1418 581 1599 612 nobilitavit
1622 581 1818 623 synergium.

398 634 445 660 :¹:323
485 632 564 662 llinc
599 631 682 662 t'clici
719 631 847 671 navigio
878 629 1015 662 'l‘uronis
1049 630 1204 671 adpulsa.
1243 641 1325 671 quac
1361 632 1510 673 suppleat
1540 632 1736 673 eloquentia,
1775 637 1928 673 quantum

305 682 477 713 officiosam
513 688 727 723 «mantumque
763 692 797 713 sc
831 681 1018 713 monstravit
1052 682 1257 713 immitit-am?
1301 682 1386 720 Quid
1420 683 1521 724 egerit
1554 684 1637 716 circa
1667 684 1768 716 sancti
1800 685 1926 717 Martini

304 735 394 767 atria,
422 734 550 775 templa.
578 733 755 766 basilii-am.
782 733 872 767 flens,
900 733 1041 765 lacrimis
1064 733 1226 767 insatiata.
1253 733 1381 775 singula
1404 734 1512 767 iacens
1536 745 1593 776 per
1612 735 1733 775 limina,
1760 736 1813 768 ubi
1830 736 1929 768 missa

306 790 449 817 revocata
481 786 622 817 vestibus
650 790 680 817 ct
711 789 896 817 ornamento
927 795 989 826 quo
1021 795 1055 817 se
1080 785 1205 816 clariori
1229 786 1316 817 cultu
1341 786 1466 818 solebat
1490 786 1572 819 ferre
1597 787 1716 828 palatio
1740 797 1830 819 sacro
1853 798 1929 820 con-

306 838 391 878 ponit
422 837 525 869 altari.
578 839 635 877 {3-1'1
665 837 745 868 ilinc
769 847 838 868 cum
863 837 895 868 in
920 836 1024 868 vicum
1049 831 1206 874 Condate,
1242 848 1304 878 quo
1327 837 1485 878 gloriosus
1508 838 1557 869 vir
1579 838 1734 870 Martinus
1757 843 1788 871 et
1811 839 1929 872 Christi

305 890 383 921 satis
415 889 544 920 intimus
574 893 702 920 senator
724 888 874 929 migravit
897 888 936 920 dc
961 888 1109 928 saeculo,
1144 889 1264 921 ancilla
1288 889 1407 921 domini
1432 889 1648 931 pervenisset,
1683 890 1772 923 dedit
1793 901 1856 922 non
1878 890 1929 922 in-

305 941 419 972 feriora
444 941 561 972 domini
586 951 731 973 crescens
754 941 786 971 in
811 940 925 981 gratia.

398 995 453 1032 2³5)
483 993 562 1023 Hinc
586 1003 655 1024 eum
679 993 710 1023 in
735 992 813 1023 villa
837 991 962 1024 Suedas
983 991 1112 1024 Pictavo
1136 992 1292 1024 territorio
1317 992 1406 1025 iuxta
1429 993 1626 1035 praedictum
1651 993 1755 1025 vicum
1779 993 1929 1026 decenter

304 1044 471 1075 accederet
500 1044 612 1075 itinere
643 1047 866 1085 prosperante,
901 1043 1028 1084 qualem
1059 1053 1093 1075 se
1125 1044 1226 1084 gessit
1255 1054 1312 1085 per
1342 1044 1471 1086 singula
1503 1045 1574 1086 quis
1597 1049 1761 1077 enumeret
1783 1045 1929 1077 infinita?

304 1095 394 1132 Quod
425 1096 456 1126 in
485 1106 595 1127 mensa
625 1096 684 1127 sul)
716 1095 842 1127 fladone
873 1095 1049 1136 sigilatium
1080 1105 1195 1137 panem
1226 1096 1417 1128 absconsum
1441 1097 1492 1128 vel
1515 1096 1690 1128 ordeatium
1714 1097 1929 1129 manducabat

303 1148 423 1178 occulte
451 1147 496 1178 sie
521 1151 553 1179 ut
576 1157 668 1178 nemo
692 1147 883 1188 perciperet.
937 1149 996 1184 [36]
1026 1147 1109 1178 Nam
1133 1157 1171 1179 ex
1195 1147 1250 1178 illo
1273 1151 1415 1189 tempore
1438 1158 1500 1189 quo
1523 1148 1617 1180 beato
1641 1147 1794 1180 Medardo
1817 1157 1928 1180 eonse-

303 1203 409 1230 crante
434 1199 538 1231 velata
563 1203 611 1230 cst
633 1209 733 1239 usque
756 1199 799 1230 ad
820 1198 1035 1231 infirmitatem
1059 1202 1185 1240 praeter
1208 1199 1358 1239 legumen
1382 1202 1414 1231 et
1436 1199 1547 1231 holera
1562 1209 1624 1231 non
1641 1209 1779 1241 pomum,
1806 1199 1925 1241 piscem

303 1250 350 1280 w!
376 1261 467 1281 ovum
492 1261 550 1282 nee
574 1250 651 1290 quid
675 1250 763 1282 aliud
788 1250 863 1290 edit,
891 1253 999 1292 potum
1023 1260 1098 1282 vero
1121 1253 1248 1292 practer
1270 1261 1386 1292 aquam
1411 1251 1547 1283 mulsam
1572 1255 1668 1292 atque
1692 1250 1842 1292 piratium
1866 1260 1927 1283 non

302 1302 390 1336 bibit,
417 1302 482 1333 vini
506 1313 580 1334 vcro
604 1302 773 1343 puritatem
797 1306 853 1333 aut
875 1301 961 1334 medi
985 1301 1201 1334 decoctionem
1225 1302 1434 1342 cei-visaeque
1457 1302 1651 1334 turbidinem
1674 1312 1737 1334 non
1760 1301 1903 1343 contigit.

393 1355 447 1393 (37,
478 1354 558 1385 Tum
588 1364 675 1385 more
707 1354 808 1385 sancti
832 1353 985 1385 Germani
1015 1353 1105 1385 iubet
1136 1353 1196 1385 sibi
1219 1354 1335 1385 molam
1360 1354 1574 1387 secretissime
1598 1354 1733 1393 deferri,
1768 1354 1810 1386 ad
1832 1364 1926 1395 quam

300 1409 396 1437 totam
426 1405 722 1446 quadragesimam,
758 1405 790 1436 in
821 1409 974 1446 quantum
1005 1405 1219 1446 quatriduana
1248 1405 1378 1437 resectio
1403 1406 1592 1447 postulavit,
1627 1406 1806 1438 oblationes
1829 1405 1926 1437 etiam

301 1457 367 1488 suis
398 1457 544 1489 manibus
576 1457 712 1496 faciens,
750 1457 827 1489 locis
858 1457 1096 1489 venerabilibus
1127 1457 1361 1489 incessabiliter
1391 1457 1602 1499 dispensavit.
1655 1459 1715 1499 (38)
1743 1457 1829 1498 Ergo
1851 1457 1926 1499 quia

301 1510 385 1551 apud
417 1513 558 1541 sanctam
590 1519 650 1541 non
682 1509 786 1541 minus
816 1519 894 1541 usus
924 1508 1161 1541 misericordiae
1192 1519 1287 1550 quam
1317 1512 1385 1541 erat
1412 1519 1583 1542 concursus
1607 1509 1646 1541 de
1669 1509 1764 1551 plebe
1787 1518 1847 1541 nec
1869 1509 1926 1541 de-

301 1565 407 1592 essent
437 1561 488 1602 qui
519 1565 661 1603 peterent
691 1571 749 1593 nec
779 1561 930 1593 deficeret
959 1561 1043 1601 quod
1075 1561 1225 1597 donaret,
1259 1560 1439 1593 mirandum
1472 1566 1506 1594 ut
1536 1561 1684 1593 omnibus
1712 1560 1922 1593 satisfaceret.

300 1613 390 1645 Vnde
414 1614 554 1645 thesauri
579 1617 624 1645 tot
647 1613 743 1652 exuli,
771 1613 855 1645 unde
879 1616 924 1645 tot
948 1612 1079 1645 divitiae
1102 1613 1316 1654 peregrinae?

390 1667 449 1705 {3921
478 1667 638 1702 Quantum
673 1665 876 1706 expendebat
910 1664 1024 1696 diurna
1057 1665 1233 1706 redemptio
1264 1664 1350 1705 quod
1380 1664 1449 1696 sola
1480 1664 1602 1696 sciebat
1633 1673 1716 1705 quae
1747 1663 1926 1706 petentibus

300 1717 506 1758 deportabat?
551 1717 631 1748 Nam
666 1720 792 1758 practer
827 1716 1020 1748 cotidianam
1054 1726 1216 1756 mensam,
1254 1726 1318 1757 qua
1348 1716 1513 1748 refovebat
1543 1716 1758 1755 matriculam,
1799 1716 1921 1748 duobus

301 1779 426 1810 semper
456 1769 567 1800 diebus
599 1769 722 1800 sabbati
752 1768 894 1809 quintam
925 1772 957 1800 et
987 1769 1155 1800 sabbatum
1183 1768 1308 1800 vicibus
1331 1768 1446 1800 balneo
1470 1772 1581 1810 parato
1603 1768 1677 1809 ipsa
1701 1768 1863 1800 succincta
1885 1767 1925 1800 de

300 1832 419 1852 sarano
450 1821 554 1862 capita
583 1821 695 1852 lavans
719 1830 908 1861 egenorum,
943 1820 1103 1852 defricans
1127 1820 1282 1861 quidquid
1306 1824 1387 1859 crat,
1423 1824 1578 1859 crustam,
1616 1819 1773 1859 scabiem,
1808 1820 1924 1852 tineam

300 1883 357 1904 nec
388 1873 555 1914 purulenta
586 1872 770 1909 fastidiens,
808 1872 967 1904 interdum
998 1876 1029 1904 et
1059 1881 1184 1904 vermes
1214 1872 1405 1913 extrahens,
1439 1882 1581 1913 purgans
1612 1871 1693 1904 cutis
1725 1871 1921 1913 putredines,

391 2047 397 2069 l
422 2054 462 2077 pro
482 2047 570 2069 honore
592 2046 611 2069 L
716 2053 773 2069 auro
794 2046 838 2069 LT
953 2045 967 2069 2
986 2053 1108 2076 pauperes
1128 2046 1148 2069 L
1253 2033 1361 2069 l¹umeris
1382 2046 1401 2068 L
1511 2046 1525 2069 3
1544 2043 1657 2078 barbaro]
1676 2053 1723 2069 om.
1746 2045 1766 2068 L
1873 2048 1924 2068 stn-

301 2091 398 2113 bionem
413 2091 442 2117 L,
458 2090 491 2119 ef,
509 2090 587 2119 Graff„
605 2089 665 2112 mul.
682 2089 856 2118 Spmchselmtz
869 2092 926 2113 torn.
947 2090 987 2118 VI,
1001 2097 1027 2118 p.
1044 2091 1093 2113 655
1181 2087 1296 2121 camisas]
1311 2089 1384 2112 MPG
1479 2084 1503 2112 '4
1523 2086 1607 2121 colles]
1620 2088 1654 2118 cf.
1672 2089 1802 2112 Forceltim·
1815 2089 1871 2112 tom.
1886 2088 1921 2118 11,

299 2142 324 2163 p.
342 2136 398 2163 z’firi,
414 2134 473 2157 redit
489 2134 510 2156 Ε
608 2133 622 2155 5
642 2133 742 2155 tradidi(
761 2133 780 2155 T
866 2133 938 2156 altari
952 2132 998 2155 GT
1085 2133 1189 2156 dadonis
1205 2133 1225 2154 Τ
1310 2139 1358 2162 quo
1372 2132 1417 2155 LE
1519 2131 1534 2155 6
1554 2132 1658 2155 induere
1673 2131 1718 2154 LE
1821 2131 1834 2154 7
1854 2131 1924 2155 factis

302 2178 394 2200 tamitis
416 2177 443 2201 L.
466 2178 523 2199 faeti
545 2177 613 2199 mitis
635 2176 656 2198 L*
783 2176 797 2199 S
817 2174 970 2208 synergium]
990 2176 1022 2205 cf.
1047 2175 1090 2198 Du
1111 2176 1192 2205 Canye
1213 2176 1290 2199 Gloss.
1313 2177 1372 2199 tom.
1398 2175 1440 2204 VI,
1460 2182 1484 2205 p.
1508 2176 1558 2198 472
1690 2174 1721 2199 10
1740 2175 1846 2198 ociosum
1865 2173 1893 2197 M

300 2218 486 2251 quantumque]
505 2227 577 2249 quum
598 2219 642 2242 LE
761 2219 826 2249 quod
848 2219 873 2241 M
998 2219 1029 2243 12
1050 2217 1125 2251 ferre]
1144 2226 1229 2242 ornare
1247 2219 1274 2242 in
1297 2219 1317 2242 Τ
1431 2225 1499 2242 sacro
1517 2219 1636 2248 conponit
1653 2218 1723 2242 altari
1744 2218 1839 2248 (altario
1858 2215 1923 2250 LEl]

304 2262 430 2286 mmuh·
535 2262 564 2286 13
585 2263 709 2286 conditum
731 2262 796 2291 Pljl,
819 2263 951 2286 condatum
972 2261 1017 2293 1’2,
1037 2263 1188 2286 condotense
1209 2263 1238 2291 E,
1259 2262 1435 2286 condatensem
1458 2262 1514 2292 (T):
1536 2260 1571 2291 cs.
1597 2261 1668 2291 (ἵν-ορ.
1690 2261 1755 2284 Hist.
1777 2261 1818 2285 Fr.
1840 2260 1870 2290 X,
1890 2260 1919 2284 31

302 2307 363 2329 obiit
382 2307 446 2337 apud
467 2307 641 2329 condatensem
662 2307 744 2329 uicum
764 2307 834 2329 urbis
854 2314 913 2328 snae
1019 2303 1079 2338 quo]
1098 2305 1150 2336 LE,
1173 2306 1215 2328 ubi
1234 2306 1287 2329 rell.
1397 2304 1427 2329 14
1446 2302 1490 2337 de]
1509 2312 1522 2327 a
1544 2304 1570 2327 M
1676 2304 1705 2328 16
1724 2304 1826 2328 suaedas
1845 2302 1892 2326 GT

303 2353 405 2379 pectant»
427 2349 454 2375 L.
476 2350 584 2379 pin-tanin
604 2349 626 2371 E
748 2349 776 2372 Π
797 2350 903 2379 qualiter
926 2348 1001 2378 (PG),
1023 2349 1097 2379 quale
1117 2349 1138 2371 L
1261 2351 1389 2372 enumerat
1409 2347 1430 2370 G
1562 2346 1592 2371 18
1611 2345 1719 2380 fladone]
1737 2347 1772 2376 cs.
1794 2347 1922 2371 Fert-ellim*

302 2395 359 2415 torri.
384 2393 430 2419 ΙΙΙ,
453 2400 476 2421 p.
498 2395 530 2415 112¹
646 2391 793 2424 sigilatiuurl
812 2392 893 2421 PMT,
916 2393 1063 2421 segalatium
1083 2392 1113 2421 G,
1136 2392 1224 2415 selncio
1244 2391 1273 2421 L,
1296 2392 1331 2415 sic
1349 2392 1421 2414 allato
1442 2390 1470 2421 E,
1491 2390 1525 2419 ‘'s-
1547 2391 1614 2420 infra
1631 2398 1658 2420 p.
1680 2392 1721 2419 u,
1743 2392 1772 2414 11
1878 2396 1922 2420 pn-

303 2443 358 2459 nem
379 2437 523 2459 absconsum
543 2438 599 2458 ante
619 2437 754 2462 sissilatium
777 2435 810 2465 M,
833 2442 896 2466 pane
915 2437 1031 2459 absconso
1051 2435 1095 2458 LI«)
1232 2433 1286 2467 uel]
1305 2437 1330 2458 et
1351 2434 1412 2464 (PG)
1555 2434 1666 2457 ordeacio
1686 2433 1717 2463 L,
1737 2433 1852 2456 ordeaceo
1870 2431 1892 2455 Ε

304 2479 463 2501 nundin-anit
486 2478 543 2501 Pur!
700 2479 731 2502 20
751 2480 865 2508 legumen
885 2492 916 2496 --
937 2478 965 2502 21
989 2485 1046 2502 uero
1065 2476 1173 2510 praeter]
1191 2485 1238 2502 om.
1261 2478 1281 2501 L
1304 2478 1362 2507 (non
1382 2477 1410 2507 E)
1565 2475 1602 2509 et]
1621 2477 1705 2507 suppl.
1728 2474 1773 2505 ΡΞ,
1794 2483 1842 2499 om.
1864 2473 1891 2498 M

303 2521 362 2553 nnnl
381 2530 428 2545 mn.
452 2522 477 2544 J!
599 2521 626 2545 21
650 2520 708 2554 nee]
728 2529 759 2545 ue
779 2522 805 2544 A!
920 2520 992 2554 quid]
1010 2529 1057 2545 om.
1082 2522 1102 2544 Τ
1218 2521 1297 2551 edidit
1319 2519 1360 2551 G¹‚
1382 2521 1435 2543 esui
1456 2520 1543 2543 habuit
1563 2520 1583 2542 T
1688 2517 1756 2551 uero]
1777 2525 1824 2542 om.
1845 2517 1890 2542 LE

304 2563 430 2597 [arntiam]
449 2565 482 2593 ‘'s-
507 2566 632 2588 Fore-emal
652 2568 708 2588 lom.
736 2565 775 2590 1¹1,
796 2573 821 2595 p.
843 2567 889 2588 (581
1016 2564 1047 2588 22
1067 2562 1121 2596 aut]
1140 2567 1215 2594 atque
1237 2563 1264 2586 M
1366 2563 1454 2586 medus
1475 2562 1526 2593 PG,
1549 2563 1627 2586 medis
1648 2562 1694 2592 251¹,
1715 2562 1826 2585 medonis
1846 2558 1888 2584 M²

303 2606 475 2640 reruisaeque]
493 2608 561 2631 could.
686 2615 732 2631 non
752 2607 868 2640 contigit]
887 2616 931 2631 orn.
956 2608 983 2638 L,
1006 2614 1053 2631 non
1075 2608 1138 2630 bibit
1159 2607 1180 2630 E
1300 2606 1333 2631 23
1353 2609 1447 2629 tirmore
1467 2605 1495 2628 M
1615 2605 1646 2629 24
1667 2608 1717 2629 tota
1735 2604 1922 2635 quadragesim·

306 2651 365 2672 <MT
480 2652 668 2681 ‹pratriduunam
688 2651 719 2673 (ΙΙ
835 2650 982 2683 postulauit]
1003 2658 1046 2674 sna
1066 2657 1139 2673 manu
1159 2650 1294 2673 conmoluit
1313 2648 1371 2672 add.
1394 2649 1422 2679 L,
1445 2649 1590 2672 commuluit
1607 2647 1666 2672 add.
1690 2648 1711 2670 E
1832 2646 1862 2670 25
1882 2646 1921 2669 in-

303 2698 428 2717 cessanter
448 2695 514 2717 Lm*
661 2695 692 2718 2ss
713 2693 766 2727 nec]
787 2702 817 2717 ne
838 2694 872 2724 M,
894 2698 921 2717 ut
940 2701 986 2717 nec
1007 2694 1069 2723 (mv
1218 2693 1249 2716 27
1270 2693 1402 2716 donaretur
1424 2692 1488 2722 (GT)
1631 2690 1663 2715 28
1683 2694 1718 2714 tot
1737 2690 1848 2714 thesauri
1868 2689 1889 2712 Τ

305 2738 368 2759 unul·-
392 2746 434 2757 n·
460 2739 516 2761 (ms.
538 2742 581 2762 tut,-
603 2739 746 2768 pc.rc:.¹rinae
765 2740 801 2761 tot
819 2738 922 2761 diuitiae
946 2738 964 2760 Τ
1083 2735 1112 2760 31
1135 2736 1252 2766 quintum
1272 2738 1298 2759 et
1316 2736 1416 2758 sabbato
1438 2734 1506 2765 Phil,
1528 2735 1618 2758 diebus
1637 2735 1726 2764 quinta
1744 2734 1840 2757 scilieet
1859 2732 1920 2756 seris

305 2784 328 2802 vt
349 2782 448 2802 mmmm
471 2781 489 2801 'l'
593 2779 634 2812 ‹le'
653 2788 699 2803 mn.
725 2781 744 2802 'I’
849 2781 879 2804 :32
900 2778 1002 2811 sarrano]
1020 2788 1042 2802 vn
1066 2786 1140 2809 supra
1158 2787 1183 2808 p.
1206 2782 1247 2806 41,
1269 2779 1285 2802 l.
1309 2779 1323 2800 ζ.)
1428 2781 1523 2801 crustae
1545 2778 1565 2800 Τ

1947 697 1976 718 ¹⁰

1949 954 1977 975 ts

1945 1211 1976 1233 ²⁰

1945 1469 1974 1490 2⁵

1940 1727 1970 1748 30
