2038 3036
252 366 279 385 :tl
286 368 298 384 (l

253 623 299 642 345

253 880 298 898 :450

253 1396 298 1414 :5130

577 111 668 137 VITA
689 112 715 138 S.
738 112 897 140 MARTINI
918 115 985 141 Liss.
1009 116 1056 142 lV.

352 203 447 234 mittit
468 203 509 235 ad
534 203 694 245 Hispanos
717 210 839 238 armata
862 212 943 239 sorte
966 209 1123 245 tribunos.

352 253 504 294 reliquias
528 254 649 286 heresis
673 256 725 296 qui
750 262 903 297 quaerant
926 263 956 290 et
979 260 1060 291 bona
1083 261 1197 292 tollant

351 305 559 345 inventosque
582 316 674 347 pares
698 308 826 348 capitali
851 310 979 342 crimine
1003 311 1169 350 damnent,

352 356 398 387 sie
420 359 541 395 tamen,
570 360 604 388 ut
627 361 755 389 cunctos
779 361 903 391 occasio
928 371 1024 393 saeva
1048 363 1166 395 feriret.

352 407 496 448 pluribus
520 418 595 448 ergo
619 409 711 440 malis
734 410 860 442 bonitas
883 412 1012 453 inpulsa
1036 415 1135 445 beati.

353 458 514 490 Leucadio
537 459 655 500 pariter
677 470 731 501 pro
755 462 902 501 praeside
926 468 1070 505 prompta
1094 467 1266 505 precatrix.

353 510 485 541 occurrit
508 511 681 549 Treveros,
708 511 781 542 aliis
804 523 927 552 quoquc
951 518 1035 546 mota
1058 517 1218 555 querellis.

354 561 519 602 pontifices
543 562 661 594 adeunt
684 563 838 604 praedicti
859 565 1011 606 principis
1035 577 1146 604 aures,

353 623 392 645 ne
415 613 570 644 Martinus
594 617 659 653 eat,
688 614 801 657 synodi
824 615 886 646 nisi
910 626 987 657 pace
1011 622 1148 658 recepta.

353 664 409 696 sed
434 674 523 696 sacer
545 665 689 696 adseruit
711 665 830 697 Christi
854 676 887 698 se
911 667 943 698 in
966 678 1044 708 pace
1068 679 1206 701 manere.

352 726 413 756 quo
438 716 524 757 prius
547 716 700 748 abstinuit
722 720 850 749 sanetus
874 727 907 749 se
931 719 1072 751 coetibus
1096 721 1169 752 illis.

352 767 516 809 pontifices
540 767 651 799 iterum
676 772 842 800 occurrunt
865 769 906 801 ad
930 770 1076 801 Caesaris
1100 773 1221 805 aulam.

353 822 445 860 cogat
468 822 502 850 ut
524 819 691 851 innocuum
716 829 749 851 se
772 820 961 861 participare
984 822 1115 853 nocivis.

353 874 503 912 provocat
524 871 664 910 alloquio
688 881 781 911 quem
804 871 942 903 molliter
964 872 1183 914 induperator.

354 925 387 953 ut
409 922 582 954 sociaretur
603 922 735 962 reliquis
758 923 935 954 communio
958 924 1051 955 iusti.

353 973 582 1014 Theognistum
607 973 722 1005 etenim
747 974 848 1005 solum
871 974 1013 1007 discesse
1037 977 1234 1016 querellans.

353 1025 403 1057 eui
427 1036 489 1057 uon
512 1025 691 1066 conplacuit
713 1026 889 1057 communio
914 1026 1009 1058 noxia
1032 1027 1174 1059 fratrum.

352 1077 426 1108 hinc
448 1076 523 1117 quia
545 1087 607 1108 non
630 1076 732 1108 valuit
754 1076 839 1108 flecti
862 1078 1064 1110 vehementia
1087 1079 1205 1110 saneti.

352 1127 469 1169 abripit
492 1138 530 1159 ex
554 1128 652 1159 oculis
677 1138 711 1160 se
734 1128 885 1170 principis
908 1129 975 1160 alta
998 1132 1147 1170 potestas.

353 1190 424 1211 mox
449 1189 651 1220 percussores
675 1179 782 1220 gladio
805 1180 969 1212 minitante
994 1181 1133 1219 relaxat,

353 1231 407 1271 qui
431 1231 529 1262 semel
553 1231 691 1262 offensos
714 1231 818 1263 iaculo
841 1231 958 1272 figente
982 1232 1147 1264 trucident.

353 1282 495 1324 conperit
517 1285 551 1313 ut
574 1285 702 1314 sanctus
725 1286 886 1314 reseratae
910 1283 1030 1314 fraudis
1054 1284 1220 1318 amictum.

352 1333 512 1374 pollicitus
536 1333 620 1374 regi,
649 1343 682 1365 se
706 1333 896 1375 participare
920 1334 1071 1373 sinistris,

353 1388 383 1416 et
406 1385 525 1426 pietate
549 1385 656 1416 calens
679 1384 809 1426 deponit
832 1395 938 1417 amore
961 1386 1114 1426 rigorem:

352 1445 442 1468 mens
465 1446 520 1468 rea
543 1436 633 1468 cuius
656 1437 763 1477 abest,
791 1446 864 1478 pars
888 1436 936 1475 fit,
964 1438 1141 1469 communio
1165 1439 1288 1479 culpae.

352 1487 426 1519 hinc
449 1498 483 1520 se
506 1487 683 1529 proripiens
706 1498 838 1529 propere
862 1489 1015 1520 Martinus
1039 1490 1156 1530 abegit.

352 1542 477 1571 aestuat
499 1539 621 1571 interea
644 1539 794 1580 gradiens
818 1540 924 1580 gravis
948 1540 1062 1572 auxius
1085 1551 1222 1581 angens.

353 1601 407 1622 cur
429 1591 479 1622 vel
504 1590 544 1622 ad
568 1591 677 1623 horale
702 1590 839 1632 spatiilm
862 1592 1023 1623 consensit
1045 1592 1175 1632 iniquis.

1567 121 1629 149 359

23 1695 140 1718 Treveros
159 1696 268 1725 episcopi
288 1697 446 1725 tenebantur⁷
468 1696 511 1726 qui
530 1696 620 1719 cotidie
640 1697 852 1719 communicantes
867 1696 959 1719 Ithacio
979 1703 1132 1719 communem
1153 1698 1198 1720 sibi
1218 1705 1314 1721 causam
1334 1700 1442 1722 fecerant
1455 1708 1473 1722 e.
1491 1710 1511 1729 q.
1529 1708 1546 1723 κ.
1563 1715 1596 1717 ——
1608 1715 1640 1717 —

25 1738 57 1768 (7)
84 1739 174 1761 ineunt
198 1746 254 1761 cum
278 1739 426 1768 imperatore
450 1739 597 1767 consilinm,
624 1742 652 1762 ut
677 1739 759 1762 missis
784 1740 881 1761 obviam
910 1740 1020 1768 magistri
1040 1740 1187 1763 officialibus
1207 1742 1291 1764 urbem
1312 1742 1377 1764 illam
1398 1744 1497 1772 propius
1518 1746 1641 1767 vetaretur

25 1781 150 1810 accedere,
178 1782 227 1805 nisi
253 1788 278 1804 se
304 1789 359 1804 vum
386 1789 445 1812 pace
464 1783 634 1812 episcoporum
654 1782 687 1804 ibi
707 1783 899 1805 consistentium
918 1782 1002 1805 adfore
1022 1783 1148 1806 fateretur.
1189 1791 1248 1813 qnos
1268 1785 1308 1807 ille
1328 1785 1415 1807 callide
1436 1786 1566 1808 frustratus
1584 1793 1640 1816 pro-

25 1824 116 1854 fitetur,
138 1831 164 1847 se
183 1831 240 1847 cum
258 1832 317 1855 pace
337 1824 431 1848 Christi
450 1832 504 1848 osse
523 1827 666 1848 venturum.

709 1825 739 1855 (8)
762 1827 885 1855 postremo
904 1826 1030 1854 ingressus
1050 1828 1170 1849 nocturno
1189 1829 1298 1856 temporo
1317 1828 1379 1850 adiit
1398 1829 1524 1851 ecclesiam
1545 1831 1639 1852 tantum

24 1867 139 1890 orationis
158 1868 246 1896 gratia.
283 1868 401 1898 postridie
421 1869 542 1899 palatium
560 1869 631 1898 petit.
671 1870 768 1897 praeter
788 1868 894 1897 multas,
921 1876 982 1898 quas
1007 1869 1120 1892 evolvere
1146 1870 1245 1898 longum
1266 1875 1318 1895 est,
1346 1871 1389 1893 has
1409 1872 1558 1901 principales
1578 1872 1643 1901 peti-

25 1910 102 1933 tiones
121 1909 242 1934 habebat:
263 1917 305 1940 pro
323 1911 426 1934 Narsete
446 1913 534 1934 comite
554 1914 579 1934 et
598 1911 721 1934 Leucadio
739 1912 863 1941 praeside,
884 1918 989 1941 qnorum
1008 1913 1078 1934 ambo
1098 1912 1209 1934 Gratiani
1229 1913 1335 1942 partium
1357 1914 1455 1936 fuerant
1474 1923 1520 1936 —2
1546 1914 1577 1943 (9)
1599 1915 1641 1937 illa

24 1953 168 1983 praecipua,
196 1960 227 1976 ne
251 1954 347 1977 tribuni
372 1962 427 1978 cum
456 1955 509 1977 iure
529 1954 664 1983 gladiorum
683 1954 713 1977 ad
733 1955 865 1984 Hispanias
885 1956 1053 1978 mitterentur.
1093 1955 1133 1984 pia
1152 1955 1218 1977 enim
1238 1958 1289 1977 erat
1309 1956 1448 1979 sollicitudo
1467 1957 1585 1987 Martino,
1614 1960 1641 1979 nt

26 2002 73 2018 non
98 1996 175 2018 solum
194 1996 361 2027 Christianos,
392 1998 435 2027 qui
460 1998 504 2020 snb
528 1997 571 2020 illa
595 1999 666 2020 erant
689 1998 813 2020 occasione
837 1997 959 2025 vexandi,
987 1998 1029 2020 sod
1056 1998 1122 2027 111505
1147 1998 1220 2020 etiam
1246 1998 1383 2021 haereticos
1404 1999 1518 2022 liberaret
1536 2007 1555 2022 e.
1578 2008 1598 2030 q.
1620 2008 1638 2022 s.

29 2038 77 2068 (19,
100 2038 121 2068 l)
144 2039 240 2062 interea
258 2040 380 2070 episcopi,
402 2047 506 2070 quorum
526 2040 724 2063 communionem
743 2040 863 2063 Martinus
882 2047 931 2063 non
950 2041 1043 2070 inibat,
1066 2041 1155 2070 trepidi
1175 2040 1203 2063 ad
1224 2047 1305 2069 regem
1328 2045 1490 2070 concurrunt,
1512 2042 1640 2072 praedam-

26 2083 96 2104 natos
115 2088 141 2104 se
160 2072 353 2112 conquerentes.
380 2085 462 2106 aetum
485 2090 539 2106 esse
559 2084 589 2106 de
609 2090 653 2106 suo
671 2083 781 2107 omnium
802 2085 881 2113 statu,
910 2084 931 2106 si
951 2083 1086 2111 Theogniti
1107 2084 1149 2112 (sit
1169 2083 1325 2112 deheognitis
1343 2084 1368 2112 V,
1391 2085 1412 2106 si
1432 2085 1566 2113 theognisti
1588 2086 1639 2113 AF}

26 2125 200 2155 pertinaciam,
228 2126 271 2155 qui
295 2133 334 2149 005
359 2127 425 2149 501115
450 2126 530 2156 palam
554 2127 606 2149 lata
631 2127 757 2149 sententia
776 2126 993 2156 condemnaverat,
1023 2127 1122 2149 Martini
1141 2129 1246 2148 armaret
1266 2127 1399 2149 auctoritas
1419 2134 1438 2151 e.
1459 2136 1480 2157 q.
1501 2135 1518 2150 8.
1561 2128 1592 2157 (3)
1616 2135 1642 2150 ac

26 2167 104 2197 primo
129 2171 222 2191 secreto
247 2170 392 2192 arcessitum
416 2169 507 2192 blande
532 2170 640 2199 appellat
663 2176 684 2192 e.
705 2178 725 2199 q.
748 2177 767 2193 s.

28 2210 116 2233 fecisse
134 2211 276 2241 discidium,
299 2212 456 2242 eundemque
475 2215 557 2236 tamen
577 2213 658 2235 solum
678 2219 740 2241 esse,
767 2213 810 2242 qui
829 2219 855 2235 se
874 2220 887 2235 a
905 2213 1078 2235 communione
1097 2213 1197 2234 interim
1217 2213 1335 2241 separarit
1353 2219 1372 2235 e.
1395 2220 1415 2242 q.
1438 2220 1457 2235 s.

812 2169 978 2198 Theognitnm
1005 2169 1183 2199 (theognistum
1203 2170 1257 2197 AF)
1285 2169 1339 2192 odio
1364 2171 1446 2199 potius
1473 2177 1545 2200 quam
1572 2178 1641 2193 eausa

1499 2212 1529 2241 (4)
1552 2214 1641 2242 quibus·

29 2259 83 2275 cum
102 2253 222 2278 Martinus
240 2262 326 2284 parum
346 2258 496 2285 moveretur,
524 2263 567 2279 rex
590 2256 626 2278 ira
651 2256 795 2279 accenditur
819 2262 846 2278 ae
865 2262 891 2278 se
910 2256 940 2278 de
960 2258 1093 2285 conspectu
1112 2256 1167 2278 eius
1186 2256 1303 2284 abripuit.
1343 2262 1398 2277 mox
1418 2262 1573 2284 percussores
1592 2255 1638 2278 his.

29 2302 71 2325 pro
94 2297 185 2326 quibus
203 2297 326 2321 Martinus
349 2302 489 2328 rogaverat,
517 2298 665 2329 diriguntur.

96 2451 143 2475 337
163 2453 228 2475 mitti
248 2452 299 2476 ΝΜ

10 2579 76 2604 *351
97 2579 136 2614 ut]
156 2585 183 2605 *t
203 2582 232 2605 Ρ1

708 2299 758 2328 (13,
783 2298 802 2327 Ι)
831 2298 894 2328 quod
920 2299 963 2321 ubi
982 2298 1087 2321 Martino
1112 2300 1263 2328 compertum
1289 2300 1341 2325 est,
1368 2298 1416 2320 iam
1436 2298 1514 2321 noctis
1533 2300 1641 2328 tempore

419 2452 468 2476 338
487 2453 614 2483 relliquias
633 2453 678 2475 BL
801 2450 932 2484 quaerant]
951 2455 1036 2475 aerant
1056 2452 1085 2474 Pl
1212 2451 1256 2474 :541
1280 2452 1379 2481 inpulsa
1398 2449 1477 2482 PMS]
1496 2452 1603 2480 impulsa
1622 2452 1641 2474 Ι4

29 2493 76 2517 342
95 2495 208 2518 leucadio
227 2495 366 2528 Browerus]
384 2496 490 2520 leocodio
509 2496 579 2519 codd.
695 2496 814 2526 praesede
836 2495 858 2518 N
968 2498 1086 2525 prunipta
1106 2494 1177 2517 PM!

30 2537 92 2561 rillis
111 2538 140 2568 N,
167 2540 274 2569 querelis
294 2539 359 2562 BLS
497 2539 545 2562 345
566 2539 652 2568 synodi
673 2537 730 2571 ΡΝ]
756 2539 834 2561 sinodi
856 2539 909 2561 rell.
1051 2538 1098 2560 346
1119 2538 1226 2560 asseruit
1246 2537 1289 2559 BL

31 2622 78 2646 353
97 2625 236 2655 conplacuit
254 2624 355 2657 PNMS]
374 2625 520 2655 complacuit
539 2626 560 2648 L
664 2625 799 2648 commonio
819 2625 905 2647 noxsia
926 2624 947 2647 N
1050 2623 1098 2645 :555
1118 2626 1226 2653 potestes
1242 2622 1263 2645 N

355 2668 403 2692 358
423 2669 535 2698 conperit
556 2666 639 2700 PNM]
658 2669 776 2698 comperit
794 2668 834 2690 LS
960 2667 1037 2689 trudis
1060 2666 1081 2689 N
1213 2665 1261 2688 35¹.)
1282 2666 1344 2693 rogis
1366 2665 1414 2687 ΝΜ
1432 2665 1498 2694 Ven.,
1522 2665 1556 2687 rei
1578 2664 1606 2687 L¹

30 2710 190 2740 paraticipare
210 2711 238 2741 P,
259 2713 381 2742 partipare
402 2711 429 2734 Μ
531 2712 654 2734 ministris
672 2712 727 2734 Vm.
836 2710 883 2733 :560
903 2710 984 2733 calens
1005 2707 1059 2741 ΡΝ]
1078 2710 1113 2731 eal
1136 2708 1187 2738 MS,
1209 2716 1255 2731 mn.
1274 2708 1316 2730 BL
1422 2707 1465 2729 :3151
1490 2715 1544 2737 pars
1559 2707 1644 2739 PNM]

31 2759 73 2782 par
86 2752 149 2777 BLS
247 2755 382 2778 commonio
397 2755 419 2777 N
523 2754 570 2778 353
591 2755 702 2777 oradiens
717 2754 751 2783 M,
772 2754 869 2776 rediens
883 2753 902 2775 L
1008 2752 1055 2775 :soi
1075 2752 1114 2775 cni
1129 2751 1198 2774 BMS

31 2664 78 2689 357
97 2667 172 2691 iacolo
191 2668 221 2690 Ρ1

1293 2494 1342 2517 343
1361 2494 1477 2523 querellis
1498 2492 1560 2525 PM]
1580 2502 1642 2523 quc-

1428 2536 1476 2559 :350
1496 2537 1590 2559 mollite
1612 2537 1640 2559 ΡΙ

344 2583 478 2605 commonio
499 2582 521 2605 N
642 2582 690 2605 352
710 2583 863 2611 thognistnm
883 2581 937 2604 BLl
1043 2578 1192 2611 querellans]
1211 2580 1341 2609 querelans
1360 2580 1411 2608 BL,
1433 2580 1568 2608 querillans
1587 2580 1640 2602 rell.

1367 2622 1414 2645 :355
1435 2623 1585 2651 percussoris
1600 2622 1642 2644 PB

1298 2751 1337 2773 uel
1357 2758 1402 2773 om.
1419 2749 1449 2772 1³1

1548 2751 1611 2773 orale
1626 2750 1646 2772 P
