2038 3036
314 160 374 190 2:32
923 152 1091 179 VENAN'rl
1112 150 1329 178 Fon'rva'rl

315 251 458 283 extendit
482 256 511 281 ct
536 250 576 280 al»
600 249 738 288 antiquis
761 247 865 278 atavis
890 247 958 287 ipso
983 245 1126 277 tradente
1151 255 1268 285 genere
1293 249 1325 276 et
1347 244 1389 275 ad
1413 254 1469 275 nos
1494 253 1593 284 usque
1617 243 1753 275 naturali
1783 241 1936 283 quodam-

317 303 408 334 modo
434 303 504 340 lege
530 301 688 341 pervenit.
725 311 760 329 eo
785 298 867 338 quod
893 302 962 338 post
986 296 1099 328 triticei
1125 296 1218 337 panis
1242 296 1453 327 oblectantem
1478 295 1647 326 eandorem
1672 294 1721 325 vel
1746 293 1934 325 suavitatem

317 359 497 395 pascentem
529 351 570 382 ad
603 350 797 381 hordeaceae
828 349 928 387 t'rngis
959 348 1093 379 aristosa
1125 347 1243 378 cibaria
1277 346 1441 378 fastidioso
1471 346 1602 377 nimium
1627 345 1721 377 dente
1745 355 1821 376 nare
1845 344 1936 376 fauce

316 405 465 437 transitur
513 413 581 432 enni
618 401 818 432 delectabilis
849 409 942 430 escae
973 398 1142 430 dulcedine
1174 402 1373 440 permutante
1405 397 1446 428 ad
1476 397 1655 428 convivium
1688 405 1838 437 pergere,
1875 395 1936 426 nisi

319 458 419 487 t'auies
444 458 586 492 urgueat.
615 452 786 482 austeritas
803 451 889 491 epuli
907 460 967 481 non
984 450 1120 483 invitat,
1150 450 1222 480 liinc
1245 453 1294 480 est
1317 449 1400 489 quod
1425 448 1566 479 inlustris
1589 457 1625 479 ac
1649 446 1818 487 magnifica
1842 445 1937 478 eelsi-

315 506 432 538 tudinis
465 510 588 535 restrae
617 503 737 541 gratia.
772 502 899 542 eopiosa
932 501 1111 532 cotidianae
1143 500 1333 541 disciplinae
1358 499 1499 530 doctrina
1524 497 1795 539 superinundante
1819 496 1937 528 refecta

316 562 345 588 et
372 555 521 588 ferventis
546 554 663 591 ingenii
688 553 792 584 studio
818 552 1001 583 lucubrante
1029 552 1136 592 polita,
1165 555 1236 592 post
1258 551 1359 582 illum.
1388 555 1421 581 ut
1437 550 1582 581 dixerim.
1609 549 1770 580 detersum
1787 548 1938 588 eloquen-

315 609 377 640 tiae
410 611 534 637 vestrae
566 605 699 636 nitorem
731 607 761 635 ct
791 603 958 644 perspicue
989 603 1109 633 clarum
1141 602 1368 633 exercitatione
1398 605 1554 642 purgante
1584 600 1626 631 ad
1656 600 1786 639 linguae
1813 603 1938 630 nostrae

316 659 531 697 rubiginosam
557 655 737 686 tiu-undiani
763 654 928 685 tastidiose
952 654 1048 685 vestri
1078 663 1191 685 sensus
1216 653 1339 693 fulgida
1363 653 1418 683 lux
1442 652 1591 683 inclinat:
1620 661 1689 682 cum
1713 651 1778 682 tale
1798 650 1839 682 sit
1854 649 1939 690 (ruod

320 709 472 741 sermonis
496 707 593 738 nostri
618 716 760 737 rumores
784 705 973 736 vacillantes
1003 705 1139 742 auditis,
1174 714 1210 735 ac
1242 704 1268 735 si
1300 707 1371 745 post
1402 703 1515 744 epulas
1545 702 1713 734 coturnicis
1742 706 1797 733 aut
1827 700 1940 732 fasidis

317 761 393 792 viris
418 758 655 791 delicatissimis
679 757 766 788 eibos
789 757 933 796 ingeram
959 756 1122 796 pecuales.
1219 756 1255 794 ,¹21
1289 754 1355 786 Sed
1377 755 1460 786 inter
1483 754 1560 785 llaec
1585 763 1647 785 una
1672 762 1728 794 spe
1752 762 1939 793 praesump—

318 813 412 845 tionis
437 811 546 841 videor
569 808 702 840 animari
727 818 763 839 eo
787 807 870 848 quod
894 807 1097 847 aliquatenus
1122 812 1191 848 post
1214 806 1340 847 regales
1363 806 1496 837 delicias
1519 814 1592 836 esca
1610 803 1809 836 desideretur
1825 803 1940 834 ruralis

317 868 347 895 ct
377 872 474 902 saepe
507 861 640 892 rusticus
672 859 783 890 otl'erat
810 859 894 899 quod
917 858 1057 889 animum
1082 857 1219 899 potentis
1243 858 1391 889 oblectat.
1492 857 1522 895 ¹3'
1554 856 1636 886 Nam
1659 855 1806 896 quamvis
1829 864 1939 895 regum

318 914 472 945 conviviis
496 922 572 943 auro
596 911 815 942 intermicante
839 914 1013 950 purpurata
1037 909 1124 950 palla
1148 912 1306 946 coruscet,
1342 918 1439 949 saepe
1463 912 1569 938 tamen
1592 906 1790 938 iucunditate
1814 906 1940 947 plaeere

318 976 426 997 mensa
459 964 530 1005 plus
560 962 685 993 adsolet
717 961 766 992 vel
797 960 985 992 adumbrata
1017 960 1101 991 foliis
1129 959 1283 991 ordinatis
1306 969 1344 991 ex
1369 958 1500 1000 palmite
1524 958 1574 989 vel
1600 957 1777 998 superiecto
1800 957 1940 988 hederae

319 1016 466 1057 corymbo
497 1014 666 1054 crispante.
713 1012 811 1052 igitur
841 1011 937 1042 habet
966 1014 997 1042 et
1028 1010 1067 1042 dc
1098 1011 1180 1042 silva
1211 1010 1361 1042 reductus
1392 1013 1501 1051 pastor
1530 1008 1614 1049 quod
1644 1008 1799 1049 proferat:
1833 1007 1884 1039 cni
1914 1007 1941 1038 si

317 1068 422 1099 desint
452 1066 587 1104 reliqua.
621 1069 727 1095 tamen
759 1063 943 1102 dignantem
976 1062 1141 1093 convivam
1172 1062 1221 1093 vel
1251 1061 1290 1093 de
1322 1061 1403 1092 lacte
1434 1061 1525 1092 dives
1554 1059 1678 1091 invitat.
1784 1060 1821 1099 (4)
1855 1058 1941 1096 Qua-

319 1123 446 1159 propter
476 1115 698 1147 dominationi.
735 1113 915 1145 celsitudini
947 1118 995 1147 et,
1029 1117 1109 1145 teste
1141 1112 1267 1143 domino
1298 1113 1423 1152 loquor,
1459 1110 1606 1152 profusae
1631 1109 1793 1141 dulcedini
1817 1115 1940 1142 vestrae

319 1170 440 1200 salutes
471 1166 696 1198 venerabiliter
725 1175 762 1196 ac
787 1164 1081 1196 desiderantissime
1105 1164 1323 1205 persolventes
1347 1162 1469 1194 aeterni
1493 1162 1578 1202 regis
1602 1161 1804 1193 clementiam
1828 1161 1942 1202 depre-

319 1230 440 1258 camur,
476 1222 508 1249 ut
540 1217 663 1248 domnis
694 1215 1011 1257 praecellentissimis
1040 1215 1177 1246 feliciter
1199 1214 1407 1255 regnantibus
1430 1223 1467 1244 ac
1490 1216 1615 1244 vestrae
1639 1212 1806 1254 potestatis
1828 1211 1942 1243 officiis

321 1270 536 1302 crescentibus
566 1268 610 1299 ita
641 1267 795 1307 fugitivae
820 1266 913 1297 huius
939 1266 1022 1297 vitae
1047 1265 1151 1307 spatia
1174 1265 1405 1307 producantur,
1440 1268 1475 1296 ut
1496 1264 1545 1295 illi
1569 1264 1712 1305 piissimo
1735 1263 1859 1295 tramite
1882 1273 1942 1304 gu-

319 1321 480 1353 bernando
510 1324 541 1351 et
571 1329 626 1350 vos
653 1318 723 1350 sine
747 1318 871 1349 macula
896 1317 1082 1349 fidelissime
1107 1316 1273 1348 serviendo
1296 1315 1447 1348 creatoris
1470 1324 1508 1346 ac
1531 1314 1740 1356 redemptoris
1763 1314 1862 1346 nostri
1886 1313 1940 1345 de·

320 1373 458 1404 siderato
482 1371 599 1413 paritcr
621 1369 746 1401 intretis
770 1369 802 1400 in
827 1379 941 1409 regno,
973 1372 1139 1409 sperantes
1162 1368 1194 1399 in
1218 1367 1343 1399 Christo
1367 1367 1407 1399 de
1430 1370 1556 1398 vestrae
1580 1365 1722 1397 caritatis
1744 1366 1860 1397 affectu
1883 1365 1943 1396 hu-

320 1425 486 1455 militatem
517 1426 655 1453 nostram
686 1420 889 1461 peculia-riter
917 1420 1064 1451 omnibus
1094 1419 1214 1450 sanctis
1243 1423 1274 1450 et
1297 1418 1416 1449 domini
1438 1417 1585 1457 famulis,
1619 1416 1677 1448 sed
1700 1416 1796 1448 etiam
1819 1416 1944 1448 domnis

320 1474 526 1515 regnantibus
550 1473 599 1504 vel
624 1481 732 1503 eorum
756 1471 904 1502 fidelibus
928 1470 1049 1512 proflua
1074 1470 1243 1502 dulcedine
1267 1468 1514 1501 commendetis:
1541 1468 1599 1500 hoc
1621 1467 1812 1499 fiducialiter
1827 1467 1943 1508 depre-

320 1531 438 1561 cantes,
467 1529 500 1556 ut
522 1527 740 1555 veneratorem
765 1526 915 1560 vestrum7
942 1521 1125 1563 portitorem
1149 1520 1375 1562 praesentium,
1402 1520 1561 1551 hominem
1578 1518 1715 1550 domnae
1732 1518 1943 1558 Radegundis

321 1577 430 1608 matris
454 1579 596 1612 vestram
624 1574 750 1605 animae
774 1577 914 1612 sanctae⁷
942 1573 993 1604 vel
1019 1583 1058 1604 ea
1081 1582 1162 1613 quae
1186 1582 1243 1613 pro
1268 1571 1406 1603 utilitate
1429 1570 1622 1602 necessitate
1646 1569 1829 1611 praedictae
1854 1569 1943 1601 dom-

320 1639 380 1659 nae
412 1626 608 1667 suggesserit
638 1635 742 1656 coram
766 1624 890 1656 Christo
921 1628 952 1656 et
981 1624 1049 1655 eius
1080 1623 1220 1664 angelis,
1254 1627 1318 1654 tam
1349 1632 1404 1663 pro
1434 1622 1484 1653 sui
1515 1621 1697 1653 necessaria
1724 1630 1819 1661 quam
1850 1629 1943 1661 prece

321 1683 428 1710 nostra
451 1677 610 1718 proprium
635 1677 752 1707 habere
776 1675 964 1717 dignemini.
1005 1674 1260 1706 indubitabiliter
1282 1674 1476 1711 intimamus,
1503 1676 1536 1704 ut
1559 1672 1643 1713 quod
1667 1682 1722 1713 pro
1742 1681 1839 1703 causa
1855 1671 1944 1703 illius

321 1729 407 1771 apud
438 1732 622 1770 praesentes
653 1727 787 1759 domnos
817 1737 910 1767 reges
940 1726 1122 1768 inpendetis
1146 1725 1232 1767 apud
1255 1728 1421 1757 aeternum
1444 1734 1553 1764 regem
1578 1723 1791 1764 centuplicato
1814 1731 1944 1754 munere

325 1781 391 1812 suis
415 1780 609 1811 orationibus
633 1778 823 1818 adquiratis.

399 1927 407 1950 1
431 1932 519 1955 genere
539 1924 575 1957 et]
594 1929 695 1953 generet
714 1923 835 1951 ACGBR
856 1926 958 1953 generet
979 1923 1011 1949 M,
1035 1930 1124 1951 genere
1140 1922 1169 1951 L,
1190 1922 1325 1951 degeneret
1338 1922 1361 1944 D
1466 1920 1480 1944 2
1500 1921 1589 1943 triticei
1604 1917 1709 1952 DGBL]
1727 1920 1804 1943 tritici
1817 1918 1913 1942 ACMR

329 1971 494 1993 oblectantem
514 1969 640 1991 candorem
661 1967 701 1990 uel
722 1967 872 1990 suauitatem
892 1964 1046 1997 pascentem]
1065 1963 1203 1989 oblectante
1223 1965 1326 1988 candore
1347 1964 1387 1987 uel
1406 1964 1531 1987 suauitate
1550 1966 1667 1993 pascente
1679 1962 1748 1986 codd.
1856 1961 1870 1984 3
1890 1961 1946 1985 lior-

329 2010 443 2043 deaceae]
463 2012 593 2034 ordeaeeae
614 2010 666 2035 GL.
690 2010 815 2033 ordiaceae
837 2009 964 2039 CMDBR,
987 2009 1116 2032 hordeacia
1137 2009 1157 2031 A
1264 2007 1392 2030 fastidiosa
1410 2006 1434 2029 D
1539 2006 1613 2029 dente
1631 2019 1665 2023 —
1684 2006 1752 2028 delee
1771 2006 1788 2029 i.
1808 2011 1857 2028 ras.
1881 2007 1891 2027 1
1912 2012 1944 2028 m.

331 2057 350 2075 ι’
454 2052 533 2085 sance]
553 2055 608 2076 saue
629 2060 641 2075 e
664 2052 683 2075 0
797 2052 811 2075 4
831 2052 957 2075 dulcidine
978 2051 1004 2073 ,ll
1109 2051 1134 2074 ni
1154 2050 1184 2073 A!
1208 2054 1278 2077 ijcorr.
1300 2049 1356 2078 ΑΨ)
1466 2048 1480 2072 5
1500 2049 1572 2072 famis
1593 2048 1612 2071 C
1726 2051 1811 2077 urgeat
1831 2047 1864 2072 D.
1886 2047 1947 2071 Bes

329 2105 400 2121 roi-r„
426 2097 443 2119 1,
561 2096 667 2118 inluster
686 2102 712 2117 ac
733 2096 763 2123 A,
784 2095 849 2117 inlac
869 2094 888 2117 L
912 2095 972 2118 'relh
993 2094 1044 2123 fere
1062 2101 1104 2122 per
1122 2093 1257 2122 compend.)
1383 2091 1398 2115 6
1417 2091 1550 2115 eottidiane
1573 2091 1593 2113 G
1709 2090 1896 2120 superundante
1915 2088 1947 2112 6¹

331 2140 342 2162 Τ
365 2140 510 2168 lugubtante
533 2141 552 2160 ti
657 2138 672 2160 S
692 2138 845 2160 exortatione
868 2137 887 2159 G
993 2136 1007 2159 9
1027 2137 1170 2165 rubiginosa
1189 2136 1235 2158 DR
1354 2134 1384 2157 10
1403 2141 1484 2158 rumos
1505 2134 1527 2156 D
1632 2133 1780 2156 ancillantes
1799 2130 1948 2164 DL(R)M‘³]

330 2182 481 2204 uas-ellantes
502 2180 629 2203 :UlfflGli
745 2180 882 2202 cuturnicis
902 2180 931 2209 A,
954 2179 1117 2202 cumturnicis
1137 2178 1158 2201 R
1281 2177 1380 2201 sassidis
1400 2177 1420 2199 L
1544 2176 1570 2200 11
1593 2177 1660 2199 cibos
1679 2174 1723 2208 G2]
1743 2176 1804 2199 cibis
1822 2176 1886 2203 rell„
1907 2174 1949 2198 sed

329 2231 377 2248 orn.
403 2224 432 2246 (i¹
540 2221 595 2254 spe]
614 2230 670 2252 sper
693 2226 738 2255 δερ
762 2223 782 2244 Α
896 2223 1112 2252 praesumptiones
1133 2221 1153 2243 A
1271 2219 1300 2243 12
1321 2220 1407 2243 uidear
1427 2219 1450 2241 D
1561 2219 1659 2242 dilicias
1679 2219 1700 2241 A
1816 2217 1845 2241 13
1864 2215 1950 2249 saepe]

330 2274 403 2296 saepe
424 2271 477 2296 post
499 2266 520 2288 1)
624 2272 727 2293 regnum
748 2266 771 2287 I)
888 2264 917 2287 1-1
938 2265 1037 2287 conniis
1057 2263 1126 2285 DGR
1231 2269 1288 2286 auro
1307 2269 1355 2286 οηι.
1377 2262 1399 2284 R
1502 2262 1655 2285 iocunditate
1675 2260 1741 2284 GBL
1858 2260 1888 2284 15
1907 2266 1948 2283 ae—

331 2310 403 2332 der-ae
427 2311 454 2338 (ι’,
480 2310 614 2332 haec-lerae
635 2308 655 2330 R
788 2307 816 2330 16
836 2308 942 2330 corimbo
963 2307 1006 2330 AL
1129 2306 1201 2328 habet
1220 2312 1268 2329 om.
1290 2304 1321 2327 (il
1442 2306 1510 2334 pator
1532 2304 1551 2326 C
1691 2303 1719 2327 17
1740 2303 1886 2332 dignitatem
1905 2302 1948 2325 BL

336 2353 362 2375 la
383 2353 470 2375 ‚salutis
491 2351 559 2373 ,1111)
665 2357 734 2375 reges
755 2349 790 2372 2⁸1¹
896 2351 1071 2379 depraecamus
1094 2350 1113 2371 (’
1216 2347 1247 2370 21)
1267 2348 1364 2370 domnis
1386 2345 1459 2379 CBL]
1478 2346 1586 2370 dominis
1604 2347 1658 2370 rell.
1765 2345 1793 2369 21
1815 2346 1909 2370 tramiti
1928 2345 1950 2368 Β

333 2395 363 2417 ¹22
384 2398 407 2417 et
427 2402 474 2417 orn.
499 2394 517 2416 L
635 2393 667 2416 23
687 2400 789 2421 reguum
812 2392 843 2415 (1¹2
956 2395 1038 2415 uestra
1058 2391 1082 2413 Ι)
1195 2391 1275 2413 affecti
1297 2389 1323 2412 ll!
1437 2389 1469 2413 24
1487 2389 1584 2412 domnis
1603 2386 1755 2421 ACMGBL]
1776 2388 1883 2411 dominis
1901 2387 1949 2410 ΒΗ

333 2437 364 2460 25
384 2437 509 2459 dulci-linc
532 2436 558 2458 il!
680 2435 711 2458 211
732 2436 858 2458 hominum
879 2435 902 2457 Ι)
1026 2434 1055 2457 27
1077 2434 1180 2457 neb-*ea
1203 2440 1272 2459 ⁴erat-¹.
1294 2432 1331 2461 ex}
1357 2432 1376 2455 C
1497 2438 1540 2462 pro
1558 2438 1606 2455 om.
1631 2432 1650 2454 C
1770 2431 1888 2454 utilitatis
1906 2437 1948 2453 ne-

333 2481 448 2502 cessitate
468 2478 508 2504 (1¹⁴2,
541 2479 652 2501 utilitate
674 2479 830 2501 necessitatis
853 2478 878 2504 (Ὗ,
911 2478 1020 2500 utilitate
1041 2477 1214 2499 necessitatem
1234 2475 1265 2503 11¹,
1295 2475 1406 2498 utilitate
1426 2477 1451 2497 et
1470 2475 1617 2498 necessitate
1638 2474 1714 2501 1’ar.,·
1743 2474 1784 2497 sed
1803 2473 1949 2496 necessitate

332 2522 363 2543 ml
383 2522 551 2550 rorriyendum
571 2522 707 2544 necessaria
731 2520 777 2544 {251
801 2520 950 2549 adscriptum
971 2522 991 2542 ει
1010 2519 1075 2547 fal-w
1095 2520 1145 2541 loco
1165 2520 1280 2541 insertum
1300 2517 1395 2540 videtur
1499 2516 1531 2540 29
1552 2514 1645 2549 nostra]
1664 2518 1709 2541 nse
1729 2516 1820 2546 (debuit
1839 2515 1891 2544 nra)
1915 2515 1947 2543 Ι),

333 2572 380 2587 mn.
405 2566 423 2584 1·
525 2565 658 2590 digniniini
679 2563 730 2585 AM
834 2563 978 2585 intimamur
999 2562 1018 2584 R.
1123 2568 1196 2584 cause
1219 2560 1250 2583 (il
1373 2560 1405 2583 30
1424 2557 1501 2591 apud]
1521 2563 1591 2589 apost
1611 2558 1653 2581 131„
1677 2560 1700 2588 (ι’.
1722 2566 1742 2582 e.
1763 2559 1827 2581 mule
1844 2558 1949 2581 solutum

334 2607 369 2636 ap'
487 2607 592 2629 ‹lomnus
607 2606 639 2630 Al.
662 2606 744 2628 domni
760 2605 802 2628 BL
908 2605 972 2633 regis
993 2603 1087 2627 ³113th
1192 2603 1334 2633 inpendens
1350 2600 1431 2634 AGD]
1449 2601 1600 2631 impendetis
1619 2601 1693 2630 BLR,
1715 2601 1853 2631 iupenditis
1867 2599 1915 2623 ΜΘ

334 2648 411 2680 apud]
432 2654 499 2678 apost
521 2649 547 2674 B,
570 2657 595 2671 ae.
616 2652 669 2678 post
692 2648 710 2670 L
816 2652 943 2670 aeternum
966 2646 995 2679 C]
1015 2650 1113 2670 aeterno
1132 2646 1185 2669 rell.
1293 2652 1373 2674 regem
1396 2643 1424 2677 C]
1443 2651 1498 2674 rege
1518 2644 1592 2668 GBL.
1614 2645 1666 2672 regi
1687 2643 1787 2666 ΑΜΒΚ
1891 2650 1949 2666 cen-

335 2692 447 2720 replicato
468 2691 562 2713 ACMH

1962 708 1989 727 10

1963 964 1990 983 1⁵

1962 1218 1991 1238 20

1963 1473 1992 1494 2⁵

1964 1729 1994 1750 ³0
