2038 3036
300 134 361 165 288
900 132 1115 160 FORTVNA'H
1134 132 1333 160 CAmum'M

637 228 786 270 lampade
811 227 945 268 fulgenti
969 232 1043 258 tune
1066 231 1097 258 te
1121 227 1269 260 veniente
1292 238 1416 260 sorores

721 279 882 320 excipiant
906 279 987 310 laeto
1010 278 1149 318 Thecla,
1176 280 1323 310 susanna
1347 279 1451 311 choro.

638 331 715 362 haec
739 330 830 362 modo
854 330 928 361 dum
954 329 1049 362 redeo
1073 330 1210 362 breviter
1233 330 1382 362 mandata
1407 331 1567 372 relinquo:

553 394 581 411 ,m
724 386 755 412 ῐιι
780 391 922 422 quoque,
949 380 1023 412 dum
1049 380 1175 422 religis,
1203 391 1254 413 me
1278 392 1452 414 memorare.
1476 382 1567 414 velis.

1059 508 1168 540 XXIV

1008 569 1097 605 Item
1125 569 1222 606 aliud

637 642 777 680 Anxium,
804 641 942 673 afflictus
965 651 1111 674 curarum
1136 641 1276 683 pondere
1300 651 1427 682 curvor,

724 696 848 734 pectore
873 693 1003 725 confuso
1027 703 1084 724 nec
1108 693 1184 724 dare
1209 693 1305 724 verba
1328 704 1425 734 queo:

639 754 797 776 murmure
821 744 880 776 sub
904 744 1000 776 (lubio
1024 744 1146 776 laceror
1168 754 1270 785 neque
1294 745 1435 776 carmina
1458 745 1550 784 laxo,

725 796 831 827 nescio
854 799 939 827 certa
963 795 1050 836 10qui
1074 799 1179 827 mente
1203 799 1341 836 vagante
1365 796 1453 828 mihi.

640 847 718 881 hen.
746 846 866 879 tn'steln
891 847 917 878 si
942 850 1014 878 vota
1038 847 1137 879 velint
1160 846 1271 879 audire
1295 847 1465 888 fatentem,

726 909 775 930 me
800 898 904 930 subito
927 898 1046 931 ferrent
1068 898 1179 930 nubila
1202 899 1300 931 missa
1323 899 1398 932 tibi:

641 950 815 982 Daedalico
840 950 931 991 lapsu
956 950 982 981 si
1006 950 1120 992 pinnas
1143 960 1268 982 sumere
1292 961 1436 990 nossem,

727 1002 768 1033 ad
792 1012 848 1033 vos
871 1002 1059 1042 quantocius
1082 1001 1145 1033 iam
1168 1002 1345 1034 revolasset
1367 1013 1495 1034 amans:

642 1053 729 1085 novit
752 1053 834 1085 enim
859 1053 1020 1093 (lominus,
1049 1053 1102 1095 qui
1126 1053 1221 1085 corda
1245 1054 1377 1086 latentia
1401 1055 1523 1096 pulsat,

561 1116 587 1135 ιυ
727 1115 809 1145 quae
832 1115 922 1144 mea,
949 1104 1006 1136 sed
1029 1105 1141 1145 tacite‚
1169 1105 1293 1137 viscera
1317 1115 1393 1138 cura
1417 1107 1533 1138 (lomet.

643 1156 784 1191 reddite,
811 1166 881 1188 cum
906 1166 1048 1197 nequeo,
1076 1156 1224 1189 dominae
1247 1157 1405 1198 promissa
1428 1158 1603 1199 benignam

730 1218 787 1240 nec
810 1212 917 1240 tamen
941 1207 992 1240 hic
1016 1208 1141 1250 culpam
1167 1208 1259 1240 crede
1282 1208 1382 1241 fuisse
1406 1219 1527 1241 meam:

644 1270 778 1299 excusa,
807 1260 834 1291 si
858 1260 938 1292 forte
962 1263 1070 1301 potes,
1098 1270 1155 1301 per
1178 1260 1285 1292 sidera
1307 1264 1422 1301 testor,

731 1322 780 1344 me
803 1322 906 1353 neque
931 1312 1014 1344 velle
1037 1322 1141 1343 moras
1164 1312 1275 1344 matris
1297 1312 1330 1344 in
1353 1323 1429 1344 anre
1453 1312 1547 1345 feras.

564 1374 592 1393 nr·
645 1366 712 1395 oret
736 1374 790 1405 pro
814 1363 949 1395 famulo:
978 1363 1071 1395 citius
1095 1373 1237 1395 remeare
1261 1365 1399 1405 parabo,

732 1419 763 1447 et
787 1426 856 1447 cum
882 1419 1082 1456 praesen‘tor7
1110 1415 1259 1453 verbere,
1287 1426 1362 1448 voce
1386 1415 1502 1448 (lomet.

1076 1544 1167 1575 XXV

1017 1605 1107 1641 Item
1134 1605 1230 1641 aliud

647 1677 852 1719 Supplicibus
876 1677 957 1708 votis
980 1677 1096 1708 referat
1118 1676 1270 1708 mandata
1293 1678 1405 1709 salutis

733 1728 887 1760 matribus
910 1738 949 1760 ac
971 1728 1108 1760 dominis
1132 1729 1251 1770 pagina
1274 1729 1371 1761 missa
1394 1729 1545 1770 loquens.

649 1780 787 1820 dumque
811 1782 937 1811 recusat
958 1779 1018 1811 iter
1041 1783 1180 1811 nostrum
1205 1780 1261 1811 tibi
1286 1780 1419 1813 reddere
1443 1781 1567 1820 vultus,

734 1832 882 1863 affectum
907 1831 1011 1863 saltim
1036 1831 1217 1863 sollicitudo
1241 1832 1366 1872 probet:

649 1893 706 1915 nee
730 1893 839 1914 sumus
862 1883 1030 1923 absentes7
1057 1883 1084 1914 si
1108 1893 1164 1914 nos
1188 1883 1286 1915 oratio
1311 1883 1413 1915 dulcis

736 1938 921 1976 praesentes
944 1944 1069 1976 semper
1093 1934 1198 1966 cordis
1221 1945 1327 1967 amore
1351 1939 1446 1967 tenet.

1072 2063 1181 2095 XXVI

1021 2124 1110 2160 Item
1138 2124 1234 2160 aliud

652 2201 745 2233 Matri
768 2204 861 2232 natus
885 2210 962 2241 ego,
988 2200 1087 2232 frater
1109 2200 1202 2232 simul
1227 2200 1296 2242 ipsc
1320 2201 1419 2232 sorori

739 2256 865 2294 pectore
888 2252 1001 2284 devoto
1023 2252 1159 2293 parvula
1181 2251 1265 2283 dona
1288 2252 1366 2284 fero.

653 2304 765 2336 tertius
789 2303 896 2335 unitus
918 2303 978 2335 tria
1001 2313 1132 2335 munera
1155 2306 1244 2344 porto
1268 2303 1409 2336 duabus:

739 2359 802 2387 tam
827 2355 938 2387 dulces
961 2355 1085 2387 animas
1108 2354 1215 2386 dulcia
1238 2365 1331 2396 poma
1355 2355 1479 2388 decent.

655 2406 711 2438 sed
735 2406 809 2438 date
832 2416 915 2438 nune
939 2406 1064 2437 veniam
1088 2406 1164 2437 mihi
1189 2406 1273 2447 quod
1296 2405 1372 2438 fano
1395 2407 1452 2438 tali
1476 2407 1624 2439 habetur:

740 2468 871 2490 munera
895 2468 976 2498 qnae
999 2461 1117 2499 portet,
1146 2457 1255 2489 charta
1278 2458 1416 2490 canister
1439 2459 1508 2490 erit.

392 2564 423 2586 30
443 2569 480 2586 me
500 2570 633 2586 memorare
655 2560 807 2594 Gna-ardus]
827 2569 932 2585 memora
951 2569 977 2585 se

393 2605 476 2628 XXIV
569 2605 592 2628 Σ
609 2605 632 2634 Ι“.
653 2604 699 2629 5ῖ’”
803 2606 818 2628 3
838 2612 976 2629 mur-morae
1081 2605 1094 2628 4
1114 2606 1180 2628 certo
1285 2608 1388 2629 nat-ante
1494 2605 1508 2629 '1'
1528 2605 1660 2636 dedaliquo
1765 2606 1780 2630 8
1797 2606 1939 2636 quantotius

327 2648 355 2671 Η
376 2649 439 2671 seres

392 2691 463 2714 XXV
536 2690 559 2713 Σ
576 2691 597 2721 s.
619 2690 664 2714 57⁸
769 2692 782 2713 :3
801 2691 860 2721 sort.
881 2692 980 2715 uultum

396 2733 477 2756 XXVI
551 2733 575 2756 Σ
592 2734 611 2763 s.
635 2733 680 2757 5.·”
787 2734 795 2758 1
818 2735 867 2764 ipsi
973 2735 987 2757 :5
1007 2734 1098 2757 tercius
1203 2736 1270 2763 porta
1377 2734 1390 2757 5
1410 2734 1466 2758 sano
1485 2735 1527 2758 tuli
1552 2734 1670 2765 quomodo
1689 2734 1810 2758 emendem
1828 2741 1878 2759 mm
1895 2733 1945 2757 lm-'

326 2776 375 2798 [κθ.
413 2783 525 2798 arr-uma
544 2776 641 2799 videtur
660 2777 723 2806 quod
741 2777 863 2800 vammum
882 2784 931 2800 mm
949 2777 1033 2800 huben!
